2280 4244
133 94 661 205 ‘uarauoarnosacn
688 128 888 203 r1a.·x1v.
944 92 1014 229 259¹

61 299 831 484 tttttuuttzttttffltn
862 331 894 427 τ
989 424 992 429 .

940 432 955 478 1
982 439 1003 480 0

61 510 103 547 tm
117 486 200 548 duce
215 488 354 549 Cumaea
369 484 453 547 fallit
465 485 611 549 sermone
623 489 778 557 laborem.-
836 528 839 533 ·
961 432 980 483 2

61 596 176 655 nmque
188 566 465 637 iter'horrendum
479 596 539 657 per
552 594 651 659 opaca
667 576 853 661 crepuscula
867 588 981 673 carpit,
1093 608 1101 627 ³

61 683 81 721 u
98 660 173 722 Dea
186 676 221 722 tu
235 660 396 745 praesent,
425 659 479 723 seu
493 660 556 745 Dis
569 652 757 744 gratissima,
785 650 887 750 dixit,
997 702 1000 707 ·

61 748 172 810 aminis
184 746 286 809 instar
297 749 360 810 eris
372 747 498 831 semper
509 747 605 810 mihi:
633 770 749 833 meque
764 749 891 822 fatebor

61 834 164 897 meria
178 834 313 912 elsetui,
340 835 568 919 quaemeloca
584 835 695 898 mortis
707 836 808 920 adire,
939 853 1002 925 ¹25
1072 898 1075 903 .

61 944 110 984 tae
123 923 194 1003 loca
205 942 259 985 me
271 921 354 985 visae
366 920 490 983 voluisti
505 919 640 984 evadere
653 926 775 990 mortis.
1039 932 1041 938 ’

61 1010 204 1092 equibus
217 1009 318 1072 aerias
330 1008 454 1072 meritis
468 1024 594 1070 erectus
608 1008 649 1070 ad
664 1030 756 1074 auras

63 1098 153 1180 mpla
171 1095 230 1158 tibi
243 1094 393 1174 statuam,
421 1094 563 1157 tribuam
576 1097 726 1159 tibituris
736 1098 904 1172 honorem.
936 1122 961 1151 »·
1081 1124 1086 1146 t

61 1181 159 1266 spicit
170 1182 259 1271 hunc
273 1200 375 1260 rates,
399 1197 434 1267 et
444 1181 649 1269 suspiratibus
659 1182 785 1267 haustis,
901 1216 904 1220 ·

61 1292 89 1339 tc
101 1269 177 1333 Dea
189 1269 276 1348 sum,
305 1268 405 1346 dixit,
431 1288 493 1331 nec
508 1268 589 1331 sacri
603 1269 816 1337 turiahonore
902 1266 908 1273 ³
934 1278 1006 1355 '130‘

61 1378 209 1419 amanum
223 1354 359 1440 dignare
372 1370 485 1441 caput,
522 1356 596 1421 Neu
608 1356 730 1421 nescius
742 1356 849 1441 erres,
876 1384 879 1389 ·
913 1370 916 1375 “
998 1375 1003 1385 ·

62 1461 230 1531 xaeterna
244 1442 342 1520 mihi,
372 1441 812 1530 carituraquesinedabatur,
847 1486 851 1493 ·
994 1482 998 1487 ·

67 1553 140 1592 mea
155 1530 320 1613 virginitas
336 1530 460 1593 Phoebo
473 1529 621 1614 patuisset
633 1535 765 1597 amanti.
950 1550 955 1559 '

61 1640 112 1679 um
126 1622 236 1681 tamen
250 1616 335 1679 banc
348 1618 471 1704 sperat,
491 1616 570 1679 dum
581 1638 869 1709 praecorrumpere
885 1625 978 1693 donis
993 1642 998 1649 ·

61 1705 192 1807 roupit3
211 1702 411 1808 'Elige,·ait,
431 1703 522 1789 virgo
533 1706 688 1807 Cumaea,
713 1710 789 1790 quid
805 1701 999 1801 optem-133

60 1806 394 1954 tutante,
407 1790 915 1971 ttttttttttptt
954 1874 963 1903 »
1001 1920 1005 1925 .

61 1981 80 2024 »t
94 1965 176 2027 mihi
188 1966 310 2029 nautes
322 1964 507 2049 contingere
522 1968 737 2050 praerogavi.
834 1990 839 1997 ’
911 1990 920 2031 ,·
979 1990 990 2001 ··

61 2049 148 2112 :cidit
161 2068 305 2135 optarem
322 2052 452 2115 iuvener
463 2072 588 2135 quoque
600 2056 747 2136 protinus
758 2074 874 2119 annea·
960 2092 963 2097 ·
983 2056 986 2061 ’

61 2153 205 2201 »stamen
218 2138 273 2200 ille
284 2138 367 2201 mihi
380 2138 486 2216 dabat,
498 2156 726 2224 aeternamque
739 2143 914 2221 iuventam,
931 2147 1002 2228 tuso·

60 2224 222 2288 Venerem
234 2243 373 2311 paterer.
417 2225 586 2291 Ccutemto
602 2246 738 2289 munere
753 2227 869 2291 Phoebi
923 2270 942 2291 .-

61 2314 145 2373 nuba
160 2332 344 2397 permaneo.
383 2309 450 2384 ,Sed
464 2311 530 2373 iam
545 2309 672 2375 felicior
686 2330 768 2376 aetat
816 2358 819 2363 -
910 2300 924 2365 -’

61 2420 120 2484 :rga
135 2398 241 2478 dedit,
267 2399 466 2483 tremuloque
477 2397 580 2483 gradu
592 2400 681 2461 venit
696 2420 789 2484 aegra
803 2398 952 2480 senectus,
971 2476 973 2481 Ι
1091 2434 1095 2441 -

61 2508 106 2550 tae
124 2485 277 2573 patienda
289 2484 347 2549 diu
361 2485 415 2549 est.
457 2486 543 2548 Nam
560 2487 625 2548 iam
641 2486 723 2573 mihi
736 2489 839 2551 secula
850 2489 971 2573 septem

61 2589 99 2635 tta
112 2573 215 2657 videa:
232 2573 380 2659 superest,
400 2594 552 2637 numeror
567 2589 602 2636 ut
612 2577 911 2659 pulvericaequem,
932 2568 996 2657 ΜΒ
1074 2566 1084 2585 “

61 2678 213 2724 ercentum
226 2660 352 2739 melles,
379 2676 562 2725 tercentum
573 2662 675 2723 musta
691 2662 812 2737 ridere.
926 2696 929 2703 ·

61 2769 156 2832 ¹rnpus
168 2750 247 2826 erit,
274 2772 349 2811 cum
358 2769 412 2812 nte
423 2746 465 2810 de
477 2764 568 2810 tanto
584 2754 718 2832 corpore
729 2768 866 2833 parvam

61 2857 122 2920 nga
134 2835 201 2899 dies
212 2834 325 2913 saciat,
351 2832 578 2917 consumtaque
588 2837 736 2897 membra
749 2833 875 2897 senecta
977 2874 982 2883 ·

61 2921 255 2984 [minimum
268 2921 457 3005 redigantur
466 2941 555 2983 onus.
600 2920 671 2983 Nec
682 2938 788 2984 amata
800 2919 944 2997 videbor,

61 3031 85 3069 tc
97 3007 249 3090 placuisse
260 3008 343 3072 Deo.
387 3006 529 3069 Phoebus
539 3027 665 3091 quoque
677 3005 809 3071 sorfitan
820 3006 887 3094 ipse
932 3006 999 3097 150·
1028 3044 1031 3049 ·

61 3097 74 3155 l
90 3113 159 3156 non
174 3094 336 3180 agnoscet,
362 3095 412 3157 vel
421 3090 571 3157 dilexiue·
579 3095 718 3181 negabit.
733 3133 736 3139 -
1029 3106 1035 3149 i

61 3203 122 3263 que
137 3179 219 3245 adeo
231 3198 354 3244 mutata
365 3177 468 3247 seru:
493 3180 641 3263 nullique
656 3177 823 3257 videnda,
998 3244 1001 3249 ,

61 3290 100 3330 ce
114 3284 223 3332 tamen
239 3269 368 3333 nascar:
398 3289 510 3331 rocem
520 3267 603 3329 mihi
618 3266 685 3331 sata
698 3268 893 3350 relinquent.
976 3268 980 3273 ’
1030 3292 1037 3299 ·

61 3356 150 3417 Talia
162 3350 341 3419 convexum
352 3375 414 3439 per
426 3356 490 3419 iter
507 3371 706 3417 memorante
719 3354 851 3438 Sibylla,

61 3441 149 3506 iibus
161 3444 340 3507 Euboicam
353 3440 466 3528 Stygiis
481 3441 615 3525 emergit
628 3442 666 3505 in
677 3443 794 3505 urbem
933 3441 993 3513 155
1071 3512 1077 3527 ,

61 3542 133 3594 osus
146 3529 287 3593 Aeneae:
314 3526 470 3613 sacrisque
485 3550 504 3592 a
518 3550 608 3591 more
621 3529 726 3605 litatis,

61 3641 123 3681 :ora
135 3618 202 3681 adit
213 3614 362 3680 nondum
374 3616 511 3679 nutricia
523 3615 675 3678 babentia
687 3633 819 3677 nomen.

62 3728 80 3768 c
94 3728 219 3791 quoque
233 3703 410 3769 substiterat
420 3702 490 3789 post
504 3700 609 3766 taedia
620 3704 714 3789 longa
724 3702 875 3764 laborum

61 3792 160 3860 nitius
172 3796 356 3872 maweu,
380 3810 485 3857 mmet
495 3790 690 3943 experienda
702 3787 821 3854 Ulixei.
878 3863 1014 3933 Det&

582 3897 603 3943 2
983 3905 1003 3941 Ἀ
1052 3938 1055 3943 .
