2280 4244
216 117 719 191 nerunouruoseon
748 98 935 195 etexit.
958 84 966 105 '¹
995 146 1060 211 ιη

74 310 177 383 Molle
193 308 282 387 fluit,
312 307 411 371 ueluti
424 317 609 391 concretum
629 307 751 377 vimine
765 332 904 393 querno..

77 398 142 463 Lac
153 396 246 474 lolet;
277 412 349 457 utve
365 397 471 477 liquor
484 397 552 457 rari
563 394 621 457 sub
635 396 782 480 pondere
788 398 893 463 'cribri

76 486 210 561 Manat,
236 500 267 544 et
283 483 477 566 exprimitur
488 506 547 565 per
555 483 652 545 densa
664 480 825 547 foramina
836 484 954 571 [pilius.
1007 522 1010 527 ·
1042 524 1055 531 ··
1075 510 1080 519 ¹

75 568 217 654 Altego,
246 568 325 629 dum
338 569 640 651 parathuucarmis
656 569 963 655 nudare'iacentem,
1039 622 1046 639 .

74 658 162 737 (Scit
176 674 247 718 tuus
257 657 319 718 hoc
332 655 478 737 genitor)
504 655 646 738 gladium
657 656 947 743 spoliantisinime
985 661 1053 744 44η

75 746 137 807 Ilia
152 743 272 805 demili.
318 742 491 805 Chthonius
508 766 633 825 quoque
645 746 860 829 Teleboasque

60 831 159 911 ‚Ense
175 832 279 893 iacent
294 829 410 891 nostro.
453 831 594 891 Remum
607 829 697 912 prior
709 831 762 892 ille
775 831 940 897 bifurcum

76 918 240 995 Gesserat3
269 917 322 979 hic
334 917 484 981 iaculum.
529 918 637 977 laculo
649 916 730 979 mihi
743 923 876 983 vulnera
890 921 982 985 lecitt

75 1006 171 1090 Signa
183 1005 282 1067 vides:
310 1019 443 1088 apparet
452 1000 557 1065 adhuc
567 1020 673 1080 vetus,
700 1026 773 1067 ecce
786 1008 928 1071 cicatrix.

73 1094 170 1155 Tunc
188 1115 245 1176 ego
258 1091 432 1152 debueram
451 1087 608 1173 capienda
621 1086 664 1151 ad
676 1093 824 1173 Pergama
836 1094 936 1157 mittit
984 1092 1053 1173 443

71 1180 169 1265 Τρηο
182 1197 324 1264 poteram
340 1177 465 1259 magni,
492 1175 596 1236 finon
607 1176 772 1260 superare,
801 1183 923 1244 morari

76 1268 221 1329 Hectoris
234 1288 323 1327 armo
341 1266 428 1325 meis.
474 1265 535 1323 Illo
551 1260 604 1323 led
616 1274 759 1347 tempore
770 1266 889 1345 nullus,

72 1352 140 1415 Aut
154 1378 251 1437 puer,
282 1355 399 1412 Hector
413 1349 498 1411 erat:
525 1371 616 1411 nunc
628 1373 682 1412 me
693 1374 766 1412 mea
779 1351 885 1416 deficit
898 1373 989 1421 aetas.

73 1440 163 1520 Quid
177 1443 235 1503 tibi
252 1436 540 1519 victorem¹gemini
552 1437 742 1520 Periphanta
756 1440 880 1521 Pyreti3

70 1524 222 1610 Ampyca
236 1524 314 1608 quid
329 1521 571 1604 referami‘qui
583 1523 855 1608 quadrupedantis
872 1529 963 1597 Oceli
984 1532 1050 1611 450

70 1612 157 1677 Fixit
172 1610 352 1692 inladvorlo
365 1632 502 1671 cornum
515 1610 582 1672 line
595 1610 725 1695 cuspide
740 1615 841 1679 vultu.
908 1635 911 1641 ·
927 1652 930 1659 -

69 1702 169 1763 Vecte
184 1698 420 1764 Pelethronium
432 1698 596 1759 Macareus
608 1698 645 1759 in
655 1715 763 1782 pectus
776 1699 891 1763 adacto

69 1786 190 1849 Stravit
204 1786 422 1870 Erigdupum.
465 1784 603 1845 Memini
613 1802 645 1847 et
659 1788 816 1849 venabula
831 1784 928 1853 condi

68 1874 227 1958 Inguine,
254 1873 375 1937 Nesseis
386 1872 535 1933 manibus
547 1872 705 1949 coniecta,
733 1875 868 1954 Cymeli.

65 1958 143 2023 Nec
162 1979 196 2023 tu
210 1959 384 2022 credideris
397 1974 522 2019 tantum
534 1958 680 2021 cecinille
695 1957 804 2019 future
979 1964 1048 2043 455

61 2047 280 2131 Ampyciden
296 2045 452 2128 Mopsum.
494 2043 604 2127 Mopso
617 2044 777 2107 iaculante
791 2042 937 2111 biformis

67 2134 248 2208 (lccubuit,
279 2130 456 2213 frustraque
470 2131 556 2212 loqui
568 2132 701 2193 tentavit
716 2130 834 2209 Odites,

65 2220 124 2285 Ad
140 2237 285 2283 mentum
299 2220 425 2303 lingua,
453 2233 624 2297 mentoque
637 2218 679 2279 ad
690 2234 819 2301 guttura
835 2217 907 2281 lixo.

113 2310 266 2392 Quinque
279 2307 352 2369 neci
367 2307 508 2369 Caeneus
521 2302 670 2381 dederat,
696 2303 952 2389 Stiphelumque,
970 2310 1048 2373 Bro-

628 2414 718 2454 mum
742 2412 792 2469 ue,

66 2476 379 2564 Antimachumque,
415 2474 659 2558 Helimumque,
691 2415 962 2563 sciuriferumque
988 2483 1047 2565 Py·

523 2610 527 2626 t
616 2588 759 2630 racmon.
978 2573 1045 2647 460

69 2652 213 2717 Vulnera
224 2672 293 2715 non
310 2650 462 2715 memini:
489 2675 664 2719 numerum
676 2672 860 2736 nomenque
871 2653 990 2717 notavi.
1003 2720 1017 2743 μ

71 2740 214 2801 Provolat
229 2738 372 2807 Emathii
385 2740 489 2823 spoliis
503 2758 644 2803 armatus
658 2739 771 2816 Haleli,
907 2814 910 2821 Ι

74 2828 178 2907 Quem
196 2824 329 2888 dederat
342 2830 421 2903 leto,
446 2829 662 2910 membrisque
677 2844 709 2889 et
722 2842 855 2908 corpore
867 2824 997 2887 Latreus

72 2912 240 2977 Maximus.
285 2913 369 2974 Huic
382 2929 464 2973 aetas
478 2915 566 2976 inter
578 2916 808 2995 iuvenemque,
835 2909 1012 2994 leuemque,
1044 2983 1048 2991 ,

71 2999 125 3063 vis
136 2998 284 3061 iuvenilis
298 3016 381 3061 erat:
408 2999 576 3061 variabant
593 3016 736 3082 tempora
751 2995 834 3057 cani.
975 2999 1044 3077 466

71 3086 135 3167 Qui
147 3089 276 3169 clypeo,
303 3088 468 3168 galeaque,
491 3085 742 3169 Macedoniaque
754 3080 861 3161 larissa

70 3173 278 3256 Conspicuus,
306 3171 483 3255 faciemque
496 3173 642 3235 obversus
652 3174 692 3233 in
705 3191 819 3256 agmen
832 3181 1017 3246 utrumque,

68 3256 233 3343 Armaque
246 3259 410 3336 concussit,
440 3278 626 3342 certumque
641 3257 795 3343 equitavit
807 3256 845 3319 in
856 3255 984 3316 orbem:

68 3348 237 3430 Verbaque
249 3364 293 3409 tot
307 3346 390 3407 fudit
402 3368 515 3409 vacuas
528 3346 685 3408 animosus
697 3346 734 3407 in
747 3361 855 3404 aures:

67 3432 111 3495 Et
123 3451 164 3511 te,
182 3436 290 3511 Caeni,
311 3432 435 3495 leram?
454 3456 530 3494 nam
543 3450 577 3494 tu
591 3434 672 3494 mihi
684 3430 807 3494 femina
817 3429 952 3511 semper,
976 3426 1042 3506 470

67 3522 118 3583 Tu
134 3521 216 3583 mihi
231 3522 342 3583 Caenis
357 3520 436 3583 eris:
464 3542 524 3582 nec
538 3536 568 3582 te
581 3520 694 3581 natulis
703 3518 795 3601 origo
1029 3524 1032 3533 '

67 3609 288 3671 Comminuit?
317 3624 521 3691 mentemque
534 3607 632 3683 subit,
660 3629 723 3689 quo
737 3596 883 3689 praemia
897 3593 992 3679 iacto,

66 3698 202 3779 Quaque
213 3695 275 3759 viri
289 3692 398 3755 fallam
411 3695 546 3777 speciem
560 3694 708 3759 mercede
720 3686 862 3776 pararis?
982 3694 986 3705 '

64 3784 122 3845 Vel
138 3782 305 3864 quiditate
321 3780 411 3859 uide,
436 3785 488 3857 ¹rel
506 3782 584 3864 quid
599 3782 635 3842 fis
650 3778 751 3866 palle;
779 3780 957 3852 columque

63 3871 96 3949 l,
130 3892 294 3956 cupecum
311 3866 454 3947 calathis,
483 3886 515 3931 et
527 3869 661 3931 stamina
674 3866 790 3953 pollice
803 3874 930 3942 torque²
974 3848 1043 3927 475

282 3972 288 3981 ‘
574 3958 597 4018 p
620 3974 641 4021 2
954 3935 1061 3996 heht

1060 2180 1117 2223 s,
