2280 4244
25 119 29 129 ’
63 106 155 206 att
306 94 547 223 neuton
574 118 800 223 uesouts
851 160 870 183 ,-

71 292 244 371 Femineae
260 306 336 369 forti
347 325 420 372 voto
431 309 555 372 maiora
567 307 692 392 fideque
971 370 973 375 ,
1074 306 1090 367 ll

53 396 226 462 Munera:
255 415 333 456 nam
348 413 434 459 tactu
449 399 600 469 natarum
617 411 734 466 cuncta
747 412 896 475 mearum
991 454 994 459 ,
1029 464 1032 471 ,
1075 392 1090 452 s

28 486 52 527 ’-
73 482 115 544 ln
131 480 282 563 segetem,
308 485 499 566 laticemque
512 468 610 558 meri,
636 472 1009 561 baccamque‘Minervae
1075 482 1090 540 ll

23 609 26 616 ·
74 565 421 631 Transsormabantur:
448 568 597 651 divesque
611 585 680 630 erat
697 567 818 629 ususin
830 566 902 630 illis.
1020 598 1024 603 ·
1076 569 1090 627 ll

27 666 30 671 “
52 692 57 713 «.
77 657 148 718 Hoc
161 655 218 715 ubi
233 657 379 738 cognovit
394 659 511 718 Troiae
524 658 693 740 populator
705 652 851 729 Atrides}
989 639 1038 721 ssi
1052 654 1056 661 ’
1077 657 1087 714 P

76 741 149 819 (Ne
163 763 231 803 non
247 743 406 826 exaliqua
420 743 555 806 vestram
569 741 690 803 sensisse
705 740 880 824 procellam
1077 743 1090 800 F

76 828 145 890 Nos
161 819 287 910 quoque
301 847 390 912 parte
404 818 534 930 putes3)
560 823 724 901 armorum
742 828 863 889 viribus
877 821 958 900 usus,
973 818 996 861 “·
1049 852 1054 869 ·
1077 830 1090 887 l

78 913 244 983 Abstrahit
257 917 373 978 invitas
387 916 508 1001 gremio
520 917 683 1000 genitoris:
713 916 862 996 alantque
1042 926 1044 931 '
1078 916 1090 975 s

72 1002 223 1083 ¹Imperat
241 1001 426 1086 Argolicam
440 1004 561 1066 coelesti
574 1023 709 1063 munere
722 1001 859 1063 classem..
1019 1069 1022 1077 ,
1079 1003 1090 1062 l

3 1118 6 1131 =
61 1078 251 1170 =Effugiunl
267 1113 329 1171 quo
343 1084 485 1179 quaeque
498 1090 606 1179 potest.
650 1082 780 1168 Euboea
796 1087 931 1166 duabus,
993 1084 1041 1150 660
1060 1091 1090 1148 'l

80 1173 126 1240 Et
138 1174 272 1236 totidem
286 1179 368 1243 natis
386 1176 515 1240 Andros
529 1176 672 1238 fraterna
686 1177 784 1257 petita
799 1175 834 1235 es
846 1221 854 1235 .
1080 1176 1090 1235 S

83 1263 176 1330 Miles
191 1261 294 1347 adest,
322 1282 370 1341 et,
396 1265 625 1339 nidedentur,
649 1262 901 1328 bell'aminatur.
969 1332 973 1339 ³
1036 1330 1038 1339 Ι
1080 1264 1090 1321 i

85 1348 180 1412 Victa
193 1366 280 1410 metu
293 1352 392 1435 pietas
405 1353 559 1419 consortia
573 1366 701 1435 pectora
714 1370 836 1432 poenae
1082 1349 1090 1407 l

55 1478 59 1491 .
84 1424 205 1498 Dedit:
233 1439 438 1500 etuttimido
455 1439 546 1522 possis
555 1437 716 1521 ignoscere
731 1434 835 1511 fratri,
1083 1436 1090 1493 l

85 1522 163 1584 Non
175 1523 228 1592 hic
242 1524 381 1599 Aeneas,
407 1547 493 1603 non,
523 1527 578 1607 qui
592 1521 781 1585 defenderet
794 1519 946 1598 Andron,
973 1528 977 1539 '
996 1522 1045 1586 665

87 1611 207 1670 Hector
218 1627 301 1672 erat:
320 1608 389 1695 'per
406 1632 482 1699 quos
498 1610 660 1672 decimum
675 1608 807 1670 durastis
822 1610 859 1670 in
874 1629 1005 1674 annum.
1085 1608 1090 1667 l

86 1697 219 1778 Iamque
232 1701 429 1781 parabantur
443 1700 574 1783 captivis
586 1699 691 1763 vincla
704 1697 839 1763 lacertis.
1087 1698 1090 1704 '

85 1784 164 1844 Illae
178 1781 321 1847 tollentes
335 1785 512 1853 etiamnum
525 1780 626 1846 libera
641 1786 727 1851 coelo

87 1869 242 1947 Brachia,
272 1873 395 1934 Bacche
410 1889 517 1956 pater,
536 1871 596 1938 'ser
610 1872 719 1965 opem,
747 1867 876 1935 dixere:
905 1869 1030 1952 tulitque

87 1954 232 2018 Muneris
249 1977 358 2021 auctor
373 1979 477 2043 opem.
521 1958 551 2020 Si
564 1959 648 2021 miro
664 1954 800 2043 perdere
810 1972 900 2018 m'ore
1000 1957 1049 2031 670

87 2043 185 2105 Ferre
199 2064 330 2127 vocatur
343 2068 446 2130 opem.
490 2046 560 2109 Nec
575 2069 638 2129 qua
653 2045 776 2106 ratione
791 2043 930 2129 liguram

88 2126 310 2211 Perdiderint,
339 2135 428 2217 potui
444 2135 537 2210 scire,
564 2151 619 2216 aut
633 2155 723 2207 nunc
734 2131 841 2191 dicere
859 2129 982 2214 possim.
1036 2174 1038 2179 ,

87 2217 219 2279 Suinma
232 2223 308 2289 mali
321 2239 397 2303 nota
408 2221 465 2284 est:
495 2241 616 2310 pennas
630 2212 782 2296 sumsere,
811 2235 949 2300 tuaeque

90 2305 287 2452 Coniuqispn
301 2313 483 2391 volucrem,
509 2311 617 2377 niveas
630 2308 737 2370 abiere
753 2307 925 2373 columbas.
1077 2378 1081 2395 ·

68 2461 71 2464 .
131 2393 202 2459 Tah
228 2415 262 2455 us
279 2412 373 2477 atque
389 2397 456 2456 aliis
468 2396 633 2479 postquam
649 2393 793 2460 convivia
806 2391 916 2457 dictis¹
1006 2394 1053 2472 675
1077 2398 1081 2437 t

89 2477 292 2560 implerunt,
320 2481 429 2544 mensa
446 2482 592 2550 somnum
607 2482 727 2569 petiere
741 2497 878 2558 remota:
1078 2460 1085 2569 l

91 2564 235 2648 Cumque
255 2565 306 2628 die
322 2566 471 2650 surgunt,
504 2568 685 2650 adeuntque
698 2569 827 2635 oracula
838 2556 974 2634 Phoebi:
1019 2575 1023 2594 '
1081 2574 1086 2629 1

90 2651 156 2731 Qui
171 2644 277 2737 petere
294 2654 459 2736 antiquam
474 2672 628 2730 matrem,
658 2671 852 2738 cognataque
865 2652 953 2716 iussit
1030 2662 1032 2667 ’
1083 2654 1087 2671 “

3 2808 5 2813 ¹
39 2808 43 2823 x
90 2736 207 2824 Litora.
252 2740 452 2824 Prosequitur
469 2764 545 2817 rex,
573 2758 604 2803 et
618 2739 672 2809 dat
689 2762 807 2808 munus
821 2739 930 2816 ituris,
1083 2678 1090 2833 s

90 2822 249 2898 Anchisae
281 2828 462 2920 sceptrum,
501 2826 705 2918 chlamydem
725 2822 988 2917 'pharetramque
1014 2845 1058 2885 nt·

649 2914 731 3003 poti,
1008 2914 1059 2984 680

13 3051 16 3059 .
93 2999 224 3081 Cratera
238 3000 385 3080 Aeneee3
413 3024 507 3085 quem
524 3000 687 3087 quondam
700 3000 829 3069 miserat
842 3001 892 3083 illi,

94 3086 212 3171 Hospes
224 3094 264 3152 ab
275 3088 388 3158 Aoniis
400 3089 533 3165 Therses
548 3090 702 3158 Ismenius
715 3089 787 3156 oris,

1 3226 2 3231 ,
24 3190 25 3195 ’
92 3173 222 3243 Miserat
236 3176 325 3242 hunc
339 3177 542 3251 illiTherses,
570 3175 784 3243 fabricaverat
796 3172 884 3243 Aion

34 3285 36 3289 ·
92 3261 231 3342 Myleus,
260 3280 292 3331 et
306 3267 398 3346 lengo
410 3267 584 3333 caelaverat
597 3280 794 3346 argumento.
925 3315 927 3319 ,

41 3384 45 3391 ·
95 3346 180 3413 Urbs
193 3367 278 3417 erat:
308 3351 473 3436 ettseptem
485 3349 587 3435 „posses
602 3348 765 3416 ostendere
778 3364 903 3432 portas3
919 3385 923 3393 ·
1012 3348 1065 3418 685

57 3478 60 3483 .
95 3433 163 3499 Hae
178 3459 239 3518 pro
252 3439 385 3503 nomine
399 3442 506 3527 grant,
534 3455 584 3519 et,
612 3461 691 3520 quae
710 3434 793 3504 soret
807 3435 880 3510 illa,
908 3431 1066 3506 docebant.

61 3584 79 3609 ,λ
93 3517 181 3587 Ante
194 3527 308 3585 urbem
321 3525 500 3608 exsequiae,
530 3526 732 3607 tumulique,
745 3524 911 3606 ignesque,
932 3522 1068 3607 rogique,

29 3634 31 3640 ·
94 3605 285 3692 Effusaeque
302 3633 405 3674 comas
417 3631 449 3680 et
464 3630 592 3694 apertae
604 3629 733 3696 pectora
748 3626 865 3691 matres
914 3662 918 3667 .
1004 3687 1009 3695 .

8 3762 13 3781 ¹
88 3693 279 3776 ,sigtrifiernt
293 3701 428 3764 luctum.
471 3698 646 3784 Nymphae
662 3720 788 3782 quoque
801 3697 876 3767 flere
891 3692 1052 3773 itidemst

94 3780 294 3872 siccatosque
310 3786 401 3868 queri
416 3783 539 3881 sontes(
571 3787 647 3854 Sine
660 3784 828 3847 frondibus
841 3783 935 3845 arbos
1015 3785 1071 3863 69⁰

977 3866 1072 3931 Nuda
