2280 4244
184 80 704 233 nerluonvuoston
729 126 823 203 tut
844 129 936 197 xm.
992 140 1058 211 aaa

78 308 266 396 Expositum
279 302 415 375 lemnos
427 309 535 375 nostro
546 334 627 377 cum
639 304 779 379 crimine
787 316 931 395 liaberet,
959 378 962 387 ,
1102 382 1104 391 ,

80 400 147 479 Qui
161 398 275 475 nunc,
299 414 336 461 ut
346 416 545 476 memorant,
569 398 757 465 silvestribus
769 403 896 471 abditus
910 409 1012 476 antri·

80 488 163 549 Saxa
175 506 282 548 moves
293 485 430 569 gemitu,
456 484 687 575 Laertidaeque
699 491 851 571 precaris,
926 527 934 537 ·

79 576 172 655 Quae
188 572 323 634 meruit:
352 593 432 655 quae
452 571 499 651 (st
511 572 563 637 Dr
575 573 670 652 lunt)
690 596 759 637 non
771 600 855 653 vana
866 583 1017 667 preceris·
1093 568 1096 574 ¹

78 660 124 725 Et
136 680 228 723 nunc
245 659 301 723 ille
315 658 430 721 eadem
441 660 533 739 nobis
547 660 668 723 iuratus
679 660 716 723 in
729 684 829 742 arma,
845 726 848 741 ,
907 710 911 717 .
1015 670 1060 741 5ο

80 742 170 813 Heu!
202 738 281 830 pari
289 744 502 824 unaduoum,
529 747 773 831 quosuccell'ore
786 750 921 836 sagittae¹
1040 789 1058 823 ς,
1099 786 1103 791 -

78 834 228 897 Herculis
241 847 394 910 utuntur,
423 830 543 897 fractus
553 838 730 918 morboque
741 834 900 921 fameque,
977 878 999 883 ·-

78 922 294 1003 Velatupque,
322 919 481 1003 aliturque
490 921 620 998 avibus;
648 924 853 1009 volucresque
864 923 1007 1011 petendo

78 1004 205 1072 Debita
219 1006 368 1069 Troianis
379 1022 508 1071 exercet
519 1006 639 1091 spicula
651 1006 735 1075 satis.
799 1066 821 1079 ,,
1026 1052 1029 1057 -

80 1094 140 1161 Ille
153 1109 263 1159 tamen
275 1091 370 1171 ¹tivit,
397 1093 473 1176 quia
486 1114 556 1158 non
568 1095 731 1158 comitavit
744 1095 905 1171 Ulixen,
1015 1100 1063 1177 55·
1127 1164 1130 1171 ,

80 1182 193 1247 Mallet
207 1195 239 1243 et
251 1178 368 1243 infelix
380 1178 562 1243 Palamedes
575 1180 636 1243 alle
650 1181 787 1249 relictus.
1016 1250 1019 1257 ,

81 1268 229 1344 Viveret,
255 1283 311 1329 aut
323 1282 408 1331 certe
416 1269 522 1340 ¹letum
533 1265 600 1339 siue
613 1268 751 1333 crimine
766 1268 910 1333 haberet.
1014 1284 1017 1289 '
1044 1284 1047 1289 '
1109 1305 1117 1320 ·

82 1354 190 1435 Quem
203 1356 288 1419 male
297 1348 441 1415 convicti
451 1353 592 1420 nimium
609 1377 734 1419 memor
744 1354 800 1418 ista
814 1352 935 1419 suroris

83 1440 220 1507 Prodere
231 1462 302 1505 rem
317 1438 471 1503 Danaam
484 1440 597 1519 finxit;
622 1443 795 1525 fictumque
806 1444 956 1527 probavit

84 1529 232 1604 Crimen,
248 1545 280 1591 et
293 1524 437 1604 ostendit,
459 1525 623 1609 quodiam
659 1526 849 1608 raesoderat,
869 1550 996 1599 aarum.
1018 1533 1062 1601 60
1112 1532 1115 1543 '

74 1612 168 1700 ¹Ergo
182 1628 238 1675 aut
248 1612 356 1678 exsilio
369 1614 451 1678 vires
461 1612 614 1679 subduxit
659 1617 767 1694 chivis,
862 1654 865 1659 -
907 1682 910 1689 ,
952 1667 956 1675 .
1068 1686 1071 1691 ,

82 1698 150 1767 Aut
166 1722 256 1764 nece.
299 1700 351 1763 Sic
362 1718 500 1786 pugnat,
527 1701 569 1767 sic
582 1700 626 1766 est
639 1701 830 1767 metuendus
840 1701 976 1777 Ulixes..

83 1788 167 1869 Qui,
193 1788 267 1865 licet
282 1788 406 1869 eloquio
419 1789 518 1851 lidum
533 1794 658 1871 quoque
673 1786 808 1855 Nestora
820 1788 939 1867 vincat,

83 1874 180 1941 Haud
193 1891 301 1937 tamen
315 1872 458 1952 efficiet,
475 1874 636 1938 desertum
652 1894 688 1937 ut
700 1877 835 1938 Nestora
851 1877 979 1939 crimen

81 1960 156 2023 Esse
168 1983 242 2023 rear
253 1963 391 2024 nullum.
437 1963 518 2042 Qui,
548 1985 621 2025 cum
636 1963 822 2047 imploraret
838 1964 960 2029 Ulixen
1012 1963 1090 2037 55·

82 2050 227 2110 Vulnere
242 2046 352 2109 tardus
365 2049 455 2130 equi,
482 2046 637 2130 fessusque
650 2049 800 2111 senilibus
813 2049 916 2125 annis,

82 2130 231 2199 Proditus
247 2157 267 2195 a
279 2132 361 2198 socio
374 2134 428 2198 est.
470 2135 552 2213 Non
561 2135 640 2198 haec
652 2136 735 2197 mihi
746 2134 885 2199 crimina
894 2132 982 2217 fingi,

77 2220 152 2301 xScit
164 2222 247 2282 bene
259 2217 422 2303 Tydides,
449 2221 506 2302 qui
517 2220 649 2283 nomine
664 2222 756 2305 saepe
768 2237 918 2299 vocatum
937 2268 940 2274 .
1049 2280 1053 2291 ,

86 2306 271 2391 Corripuit3
296 2305 486 2390 trepidoque
499 2304 606 2391 sugam
617 2308 823 2391 exprobravit
838 2306 952 2377 amico.

84 2392 278 2479 Adspiciunt
292 2395 390 2459 oculis
402 2394 518 2478 Superi
528 2395 788 2475 mortaliaiusfltis.
1019 2404 1064 2470 qo

84 2480 139 2547 En
149 2498 218 2565 eget
231 2481 366 2558 auxilio,
394 2481 451 2564 qui
462 2503 531 2545 non
544 2482 634 2547 tulitt
650 2498 763 2567 utque
772 2480 912 2569 reliquit,
1035 2528 1043 2547 ·.

87 2570 139 2632 Sic
153 2565 348 2651 linquendus
360 2584 439 2632 erat
470 2571 598 2653 legem
609 2567 667 2632 fibi
680 2568 807 2633 dixerat
816 2567 894 2653 ipso.

89 2658 276 2717 Conclamat
286 2655 392 2719 socios.
435 2652 578 2734 Adsum,
603 2654 760 2740 videoque
773 2651 985 2732 trementm'·

88 2745 327 2824 Pallentemque
340 2758 442 2819 metu,
471 2766 509 2805 ac
523 2741 742 2827 trepidantem
757 2736 992 2815 mortafumra,
1021 2800 1025 2807 .

90 2829 233 2914 Opposui
245 2831 362 2892 molem
376 2831 499 2912 clypei;
524 2830 654 2912 ¹neutiqua
666 2831 844 2903 iacentem,
876 2874 880 2885 .
942 2828 945 2835 ’
1022 2824 1069 2901 75
1104 2880 1107 2885 .

88 2916 282 2999 servavique
295 2916 437 2977 animam
457 2914 645 2991 (minimum
658 2917 701 2979 est
711 2917 773 2977 hoc
784 2910 902 2991 laudis)
920 2912 1069 2977 inertem.

87 3003 124 3065 Si
137 2998 255 3087 perstas
269 3018 408 3077 certare,
432 3001 537 3066 locum
555 3001 723 3089 redeamus
734 3003 772 3065 in
786 3002 891 3064 illum:
1059 3068 1063 3073 ,

88 3089 203 3161 Redde
218 3089 356 3167 hostem,
376 3088 553 3172 vulnusque
569 3105 680 3165 tuum,
704 3087 892 3169 solitumque
905 3085 1072 3147 timorem}

90 3176 161 3245 Post
176 3178 390 3261 clypeumque
408 3177 489 3238 late:
517 3192 548 3237 et
560 3198 689 3238 mecum
700 3173 858 3238 contende
871 3171 930 3236 sub
942 3172 1008 3235 illo.

91 3264 138 3328 At
150 3262 314 3346 postquam
333 3261 455 3346 eripuit
482 3262 536 3325 cui
550 3258 654 3325 standi
668 3267 802 3324 vulnera
815 3261 900 3323 vires
1031 3256 1076 3327 80
1109 3274 1115 3291 ‘

90 3351 171 3418 Non
187 3348 361 3426 dederant,
390 3352 481 3411 nullo
493 3347 635 3423 tardatos
646 3354 780 3415 vulnere
792 3344 883 3429 sugit.
976 3400 984 3425 Χ
1039 3419 1042 3425 ¹

95 3442 216 3501 Hector
230 3434 335 3511 adest,
363 3435 533 3519 secumque
545 3436 633 3501 Deos
648 3436 685 3496 in
695 3434 818 3521 proelia*
831 3430 930 3507 ducit.

94 3528 234 3605 Quaque
250 3523 333 3596 ruit,
358 3544 427 3585 non
442 3540 478 3583 tu
494 3534 621 3586 tautum
637 3522 781 3597 terreriS,
807 3520 915 3599 Ulixe,
976 3586 979 3593 .

97 3610 165 3682 Sed
177 3608 274 3678 sortes
285 3609 399 3671 etiam:
429 3627 554 3675 tantum
571 3610 669 3673 trahit
682 3611 737 3675 ille
749 3608 887 3671 timoris«

100 3703 205 3763 Hunc
219 3719 275 3782 ego
292 3695 481 3780 sanguineae
493 3696 633 3761 successu
647 3695 750 3759 caedis
762 3712 913 3757 ovantem
1046 3682 1089 3754 85

70 3818 73 3825 ·
103 3788 260 3850 Cominus
276 3783 397 3869 ingenti
411 3784 597 3877 resupinum
609 3780 857 3873 ponderesudi,
973 3864 976 3869 Ι
1098 3820 1102 3827 -

651 3875 716 3948 P5
915 3920 919 3925 ,
991 3854 1094 3927 ¹Hune

361 4136 372 4171 s
