2280 4244
144 170 221 246 ηε.
325 174 332 187 “
385 170 417 232 1³.
445 158 868 255 ovmrrttesbttts
898 140 932 203 ’-

140 339 268 403 Tertius
290 340 416 403 interea
436 336 563 404 decimo
577 337 760 405 successerat
777 356 897 418 annus3
958 338 960 343 ’
1056 416 1063 427 ¹

140 420 220 488 Cum
236 445 343 509 pater,
368 428 457 508 Iphi,
479 428 537 490 tibi
553 429 666 491 flavam
681 428 1033 510 despondetlilnthent

136 515 229 574 litter
252 513 446 577 Phaestiadas
467 534 545 598 quae
564 510 772 578 laudatissima
788 514 911 578 formae
941 574 946 587 ,
1034 521 1097 597 716

78 662 81 671 ,
140 599 227 663 Dure
243 600 301 661 luit
316 603 413 683 virgo,
436 600 568 664 Dictaeo
582 620 658 665 nata
672 603 806 664 Teleste.

140 689 198 749 Par
212 705 312 760 aetas,
336 708 394 767 par
410 687 514 748 forme
528 688 604 752 fuit:
627 690 805 773 primasque
818 683 975 769 magistris
1087 738 1092 759 ,

67 770 72 781 '
139 773 305 855 Accepere
317 784 409 847 artes,
432 777 590 839 elementa
606 776 731 858 aetatis,
753 779 792 835 ab
808 773 924 835 isdem.

43 854 48 877 '¹
140 861 332 923 Hinc'amor
346 862 515 922 ambarum
530 865 630 945 tetigit
645 861 727 923 rude
742 862 864 942 peetus:
887 874 920 920 et
934 881 1073 945 aequum

139 949 267 1010 Vulnus
286 946 411 1028 utrique
432 950 511 1011 tulit.
556 950 619 1012 sed
638 967 706 1011 erat
719 948 831 1010 fiducia
846 945 964 1027 dispar.
1029 964 1102 1026 '72⁰’

139 1032 287 1115 Coniugii
309 1052 479 1118 pactaeque
492 1037 649 1115 exspectat
662 1053 806 1117 tempora
820 1033 940 1111 taedae,

139 1120 304 1202 Quamque
319 1122 422 1184 ritum
435 1137 524 1205 putat
536 1125 617 1199 elle,
638 1123 727 1187 luunt
742 1121 813 1181 fore
827 1118 929 1189 credit
949 1117 1074 1183 Ianthe.
1114 1140 1117 1147 ·

139 1207 227 1290 lphis
243 1224 343 1281 amat,
367 1209 529 1291 qua'poile
542 1210 608 1272 frui
622 1210 788 1289 desperat,
810 1224 840 1267 et
856 1210 957 1288 auget'
992 1202 995 1207 ’
1113 1212 1116 1217 ’

74 1308 81 1325 “
138 1295 208 1356 Hoc
221 1294 322 1376 ipsum
337 1295 495 1360 flammare
516 1296 668 1379 ardetque
682 1298 720 1356 in
736 1295 858 1376 virgine
875 1294 971 1374 virgo.

63 1449 65 1453 .
107 1382 112 1395 “
136 1382 264 1465 Vixque
286 1398 400 1444 tenent
417 1385 583 1461 lacrimas,
605 1385 683 1464 Quis
705 1402 758 1442 me
778 1397 888 1443 manet
903 1379 1022 1454 exitus,
1046 1374 1092 1437 in·

203 1490 207 1499 ·
704 1471 755 1544 uit,
1032 1466 1090 1542 725

137 1544 379 1634 cognitaquam
394 1554 494 1630 nulli,
513 1577 607 1635 quam
617 1492 809 1637 prodigiosa,
827 1571 993 1634 novaeque

52 1636 55 1643 ’
137 1640 222 1698 Cura
232 1650 321 1699 tenet
335 1642 490 1701 Venerit?
513 1642 546 1704 si
557 1640 606 1702 Di
620 1634 700 1711 mihi
716 1660 845 1723 parcere
860 1639 990 1715 vellent,

136 1723 274 1786 Perdere
296 1724 490 1797 debuerant:
512 1727 535 1788 st
557 1749 631 1789 non
651 1744 683 1789 et
697 1726 834 1811 perdere
851 1725 992 1803 vellent3
1014 1738 1017 1743 '

136 1810 292 1874 Naturale
314 1815 434 1875 malum
449 1814 558 1879 [altem
574 1814 660 1875 etde
675 1834 765 1875 more
779 1809 947 1873 dedill'ent.

55 1962 57 1967 ,
134 1897 206 1977 Nee
214 1901 340 1959 vaccam
350 1922 473 1975 vaccae,
491 1922 553 1964 nec
568 1922 662 1982 equas
669 1921 759 1963 amor
768 1901 833 1961 urit
845 1917 1008 1979 equarum.
1029 1900 1092 1976 73⁸

135 1984 211 2046 Urit
232 2003 303 2047 oret
324 1986 425 2048 aries:
447 1987 586 2068 sequitur
600 1989 652 2051 lua
667 1988 789 2069 femina
804 2006 943 2047 cerrum.

39 2148 43 2159 ι
136 2073 188 2133 Sic
201 2086 316 2133 etates
332 2086 465 2137 coeunt:
487 2075 635 2157 interque
648 2075 799 2137 animalia
808 2088 934 2145 cuncta

134 2158 268 2220 Femina
289 2157 430 2223 femineo
444 2179 591 2242 correpta
605 2162 756 2247 cupitline
770 2161 859 2221 nulla
873 2157 928 2219 est.

135 2243 257 2305 Vellem
274 2249 363 2307 nulla
376 2247 490 2309 forem.
533 2251 585 2312 Ne
596 2270 666 2312 nun
680 2268 788 2312 tamen
802 2244 912 2307 omnic
924 2246 1018 2307 Crete

133 2330 280 2394 Monstra
295 2330 395 2409 ferat,
416 2352 547 2398 taurum
563 2333 674 2398 dilexit
687 2337 749 2397 lilia
766 2333 857 2401 Solis.
924 2354 926 2359 ·
1027 2330 1115 2406 735⁸·

133 2416 267 2477 Femina
281 2438 401 2501 nempe
417 2442 550 2483 marem.
594 2427 682 2484 Meus
701 2422 745 2485 est
760 2416 905 2481 furicfior
920 2414 987 2492 illc,

133 2502 167 2564 si
189 2525 297 2563 verum
312 2506 513 2586 profitemur,
532 2529 634 2570 amor.
678 2511 803 2569 Tamen
817 2505 871 2565 illa
886 2500 1049 2565 secutae&
1077 2514 1081 2525 '

133 2589 231 2667 Spem
247 2593 396 2653 Veneris:
416 2609 525 2654 tamen
538 2595 593 2655 illa
605 2593 705 2670 dolis,
723 2610 755 2655 et
765 2592 908 2674 ¹imagine
921 2606 1047 2664 vaceae,

132 2674 218 2737 Palla
241 2677 353 2740 bovem
369 2678 430 2740 est:
452 2697 484 2742 et
497 2699 582 2758 erat,
604 2681 656 2764 qui
673 2679 894 2762 deciperetur,
915 2673 1051 2738 adulter.

131 2763 205 2823 Huc
218 2762 292 2826 licet
303 2786 334 2827 et
349 2782 413 2825 tcto
429 2765 563 2829 sollertia
576 2767 714 2828 confluet
728 2769 819 2841 orbe,
834 2842 837 2846 ι
1025 2758 1087 2841 740

131 2849 201 2931 lpse
223 2850 295 2912 licet
308 2855 428 2915 revolet
442 2857 555 2915 ceratis
569 2852 730 2916 Daedalus
745 2854 818 2913 alis:
936 2920 939 2925 ¹
1115 2872 1118 2881 ·

131 2933 218 3013 Quid
239 2935 353 3000 faciet?
374 2962 454 3001 num
478 2962 529 3021 me
544 2963 678 3022 puerum
692 2940 733 3001 de
748 2938 873 3020 virgine
888 2932 991 3005 doctis

127 3019 260 3095 Artibus
275 3025 409 3087 efficiet?
432 3049 512 3089 num
528 3045 558 3088 te
577 3027 711 3089 mutabit
725 3027 861 3087 ltnthe?

130 3109 219 3187 Quin
235 3114 380 3174 animum
395 3115 514 3190 limnas,
538 3111 627 3194 teq'ue
641 3115 707 3197 ipsa
721 3112 887 3194 recolligis,
909 3113 1004 3196 lphi3

30 3230 33 3240 ·
129 3194 319 3282 Conliliique
339 3200 449 3280 inopes
462 3220 495 3262 et
507 3201 614 3263 stultos
629 3200 749 3261 excutis
763 3199 874 3280 ignes?
1023 3196 1087 3281 743

62 3334 81 3369 ,Ι
128 3281 215 3361 Quid
235 3285 271 3348 lis
292 3306 368 3348 nata
383 3286 470 3349 vide:
496 3287 571 3365 (nili
588 3305 619 3348 te
634 3304 756 3370 quoque
770 3284 892 3361 decipis
904 3282 1046 3366 iplamt)

125 3363 169 3439 Et
182 3389 253 3447 pete
267 3374 350 3454 quod
367 3372 412 3435 las
426 3377 488 3438 est:
510 3391 541 3436 et
556 3395 642 3448 ama,
661 3373 749 3456 quod¹
762 3369 884 3433 femina
898 3370 1004 3433 debes.

70 3484 92 3503 ι·
126 3450 205 3535 Spes
223 3457 285 3534 eit,
311 3481 390 3540 quae
413 3465 532 3541 capiat:
554 3463 622 3543 spes
636 3462 697 3535 eit,
719 3480 797 3542 quae
812 3456 1087 3540 palcatamoretn·

125 3538 293 3604 Hauc-:riti
307 3566 358 3609 res
373 3547 501 3608 adimitt
523 3569 593 3608 non
603 3566 634 3608 te
649 3545 787 3608 custodia
802 3565 878 3605 carc

124 3624 225 3707 Amet
238 3632 278 3691 ab
291 3634 460 3711 amplexu,
482 3655 545 3695 nec
557 3635 639 3697 cauti
653 3655 728 3695 cura
746 3626 896 3713 magistri,
1021 3624 1087 3709 7'50
1123 3690 1127 3701 ,

124 3712 204 3777 Non
220 3717 495 3801 patrisualperitas,
517 3743 587 3782 non
605 3722 635 3784 [e
649 3737 743 3803 negat
757 3721 822 3801 ipsa
836 3718 976 3799 roganti.

124 3800 196 3864 Nee
209 3820 320 3870 tamen
335 3807 379 3870 eit
393 3809 549 3893 potiunda
562 3809 639 3873 tibi-t
652 3829 740 3886 nec,
759 3822 797 3869 ut
806 3805 919 3883 omnia
933 3805 1024 3879 aaut,
1125 3798 1131 3809 '

899 3898 914 3993 ,ι
1013 3886 1091 3993 Ψ,
