2280 4244
125 70 191 194 ὴὲ
327 64 862 195 :noviti-nutantis
916 88 922 179 ’ἶ
982 178 987 183 .

54 360 58 373 ,
125 298 227 385 Saepe
238 320 340 367 mnu
355 298 496 365 stimulat
508 299 613 387 rigida
625 304 791 387 nonabm
816 300 962 369 utillum
1027 316 1033 345 ²
1106 324 1110 329 ·

78 402 85 417 ¹
126 386 356 453 Iuram-fessos
368 388 466 450 moda
478 388 664 452 disiunxisse
681 391 842 467 iuvenem
908 430 938 461 ,ι

123 474 218 538 Falce
230 474 306 547 data
317 472 488 539 frondator
500 478 589 554 erat,¹
610 478 746 561 vitisque
758 492 898 562 putator.
953 522 958 529 -
1016 550 1019 555 ¹

123 550 284 625 Indueras
298 563 408 639 scales,
436 567 595 625 lecturum
607 586 703 648 poma
717 576 855 647 putares.
1014 561 1109 635 2550

122 650 214 715 Miles
229 666 298 711 erat
312 649 432 733 gladio,
464 650 600 735 piscator
613 651 778 715 arundine
789 653 903 713 sumta.

94 772 98 783 =
121 734 275 819 Denique
289 760 348 820 per
361 739 476 799 multas
491 737 615 799 aditum
627 737 685 803 fibi
695 738 785 822 saepe
801 740 915 821 figurat
976 776 979 781 ·

121 824 274 907 Repetit,¹
284 830 339 887 'ut
350 841 478 908 caperet
488 826 646 909 spectatae
652 825 772 909 gaudia
783 822 919 889 formae.
998 888 1001 893 .

70 981 73 991 Ι
123 912 294 987 illectictu
307 912 394 995 picta
407 910 732 995 redimituttempoaa
744 913 853 991 mitra,
947 972 952 981 ,

69 1006 71 1011 ’
123 1000 416 1075 Innitemtaculo,
441 998 545 1083 positis
560 998 602 1059 ad
613 1017 762 1083 tempora.
771 1002 869 1076 canis,
909 1064 920 1079 ,1
1041 1002 1099 1076 655

121 1084 466 1162 Adsimulavit-anum,
483 1076 653 1169 'cultdsqu'e
666 1078 799 1160 intravit
809 1089 847 1149 in
857 1087 977 1163 hortat,

123 1173 416 1257 Pomaqnemirata
426 1172 485 1235 est:
513 1163 869 1279 Tantaquepotentiors'
897 1172 1020 1255 inquit,

123 1263 288 1342 Paucaque
302 1258 448 1323 laudatae
462 1258 551 1322 dedit
567 1262 688 1339 oscula,
718 1264 827 1343 qualia
837 1280 1011 1343 uunquam

121 1348 208 1410 Vera
221 1344 356 1409 dedisset
365 1368 448 1409 anus
456 1369 473 1408 :.
492 1338 646 1431 glebaque
659 1350 795 1412 incurva
808 1344 934 1425 resedit,
1056 1376 1060 1381 ·

120 1433 434 1519 Suspicienspendos
449 1436 596 1496 autumni
611 1435 756 1519 pondere
770 1456 884 1499 ramat.
940 1486 944 1493 .
1039 1431 1097 1497 66⁰

121 1522 237 1585 Ulmus
249 1538 443 1583 erat-contre
455 1516 587 1605 spetiosa
602 1524 799 1585 tumentibus
814 1524 896 1585 uvit:
1003 1530 1006 1537 '
1096 1538 1100 1545 ’

121 1612 227 1688 Quam
244 1607 327 1669 socia
336 1608 507 1695 ¹postquam
520 1611 641 1692 pariter
654 1631 728 1671 cum
743 1611 807 1673 vite
820 1603 989 1694 probavit&
1003 1652 1006 1657 -
1023 1670 1026 1675 .

118 1694 199 1757 Atfi
213 1695 326 1771 staret,
351 1695 411 1771 ait,
440 1699 561 1757 caelebs
571 1694 636 1757 line
652 1698 784 1779 palmite
797 1716 941 1773 truncus,
1036 1752 1039 1757 .

118 1783 176 1845 Nil
192 1798 321 1867 praeter
332 1780 479 1860 stonden
509 1800 612 1865 quare*
620 1800 799 1865 peteretur,
825 1785 970 1851 haberat.
1096 1798 1113 1815 '¹

118 1872 209 1932 Haec
224 1892 364 1954 quoque,
385 1892 465 1951 quae
479 1871 590 1931 iuncte
600 1871 678 1931 vitis·
684 1871 852 1954 requiescit
866 1872 904 1933 in
920 1873 1019 1951 ulmo,
1033 1873 1096 1939 666

118 1956 153 2029 Si
167 1979 236 2019 non
248 1973 352 2040 nupta
364 1953 447 2019 soret
452 1986 467 2034 ‚·
490 1973 594 2019 terrae
605 1956 771 2019 'adclinata
782 1959 910 2022 iaceret.
1053 1980 1072 2055 q

18 2070 21 2075 ·
117 2046 173 2106 Tu
189 2047 455 2126 tamenenemplo
467 2066 535 2106 non
547 2046 686 2128 tangeris
698 2047 819 2107 arboris
832 2046 966 2127 huiush

118 2132 377 2215 Concubitusquc
390 2130 492 2214 sugis;
515 2154 576 2193 nec
591 2147 621 2193 te
634 2134 826 2216 coniungere
843 2153 947 2196 curat.

114 2216 222 2301 Atque
234 2220 361 2281 utinam
375 2214 481 2281 velles!
514 2222 636 2281 Helene
650 2242 718 2280 non
729 2221 875 2304 pluribus
892 2219 970 2283 esset

114 2305 287 2369 sollicitate
300 2306 420 2389 procis,
445 2326 507 2367 nec
520 2329 600 2387 quae
615 2307 777 2390 Lapitheia
789 2308 889 2369 movit
1030 2307 1095 2384 670

113 2393 253 2468 liroelia,
281 2414 342 2453 nec
356 2392 475 2454 coniux
488 2392 608 2455 timidis
625 2393 753 2455 audacis
767 2394 884 2457 Ulixei.

45 2521 47 2527 ι
112 2478 212 2541 Nunc
223 2501 366 2561 quoque,
394 2501 468 2539 cum
482 2477 581 2562 fugias
594 2481 805 2565 averserisque
817 2494 971 2565 petentat,

111 2566 201 2629 Mille
214 2565 468 2649 proeicupiunt,
495 2585 526 2627 et
540 2567 756 2648 semideique,
783 2568 923 2651 Deique,
1017 2608 1020 2613 -

111 2651 156 2715 Et
169 2675 376 2735 quaecunque
390 2668 502 2713 tenant
514 2650 656 2715 Albanos
668 2655 805 2717 numina
818 2672 951 2717 montet.

112 2738 176 2802 sod
191 2758 242 2817 tu,
268 2739 419 2823 sisapies‚
444 2736 510 2800 fite
522 2742 604 2801 bene
615 2741 763 2823 iungere,
791 2763 955 2824 anumque
1029 2743 1091 2820 675

110 2828 207 2889 Hanc
221 2826 333 2889 audire
349 2829 450 2902 voles;
484 2828 587 2908 (quae
601 2843 632 2889 te
648 2830 719 2910 plue
734 2831 881 2891 omnibus
894 2828 969 2904 illis,

108 2917 180 2975 Plus
201 2937 298 2997 quam
311 2913 429 2989 credis,
458 2917 566 2992 amo,)
585 2917 728 2997 vulgares
743 2917 839 2979 reiice
854 2915 970 2993 taedae,

83 3002 386 3085 ‘Vertumnumque
399 2999 460 3062 tori
472 2999 591 3062 socium
609 3003 669 3065 tibi
686 3002 803 3087 delige:
834 3012 894 3087 pio
908 3025 975 3086 quq
1022 3016 1025 3021 ’

104 3090 161 3169 Me
175 3111 299 3170 quoque
310 3090 424 3173 pignus
436 3088 527 3151 habe.
551 3089 664 3171 Neque
678 3092 767 3151 enim
779 3090 838 3151 sibi
844 3090 953 3153 notior
966 3091 1022 3154 illa
1033 3090 1085 3167 est,

106 3178 214 3254 Quam
229 3176 319 3236 mihi.
353 3176 423 3237 Nec
436 3189 500 3235 toto
513 3176 626 3258 passim
638 3182 733 3260 vagus
743 3178 978 3243 erratinarbe.
1022 3178 1084 3243 680

103 3262 194 3337 Haec
204 3265 272 3324 loca
287 3262 351 3325 sola
364 3262 454 3323 colit:
482 3283 559 3338 nec,
587 3263 635 3323 uti
651 3285 724 3347 pars
736 3285 852 3348 magna
866 3286 1051 3347 procorum,

100 3351 209 3428 Quam
224 3349 326 3412 modo*
338 3348 433 3427 vidit,
463 3366 557 3410 amat.
600 3352 654 3410 Tu
669 3352 794 3434 primus
806 3367 839 3413 et
850 3352 985 3415 ultimus
998 3351 1048 3413 illi

97 3432 210 3498 Ardor
222 3437 300 3515 erit,
327 3437 444 3518 solique
458 3434 526 3496 suos
539 3437 599 3496 tibi
614 3430 747 3501 devovet
760 3459 869 3499 annos.
1016 3454 1019 3459 “

38 3510 43 3525 ’
94 3520 208 3598 Adde,
235 3521 321 3604 quod
335 3523 530 3586 estiuvanis:
559 3522 645 3604 quod
657 3528 803 3586 naturale
817 3524 941 3586 decoris
992 3562 996 3569 ·

93 3612 215 3685 Munus
230 3609 341 3671 habet:
370 3608 551 3693 formasque
562 3626 634 3693 apte
650 3613 786 3695 fingetur
800 3612 838 3673 in
850 3632 972 3691 0mnet,
1016 3617 1080 3689 685

49 3763 60 3773 ⁵
91 3690 153 3775 Εἰς
167 3696 268 3782 'quod
287 3697 348 3759 erit
364 3696 474 3771 iussus,
507 3698 636 3774 (iubeas
648 3699 722 3760 licet
736 3699 885 3776 omnia,)
905 3699 970 3763 fiet.

89 3784 192 3867 ¹Quid,
206 3782 527 3871 quodamttisidem?
550 3784 645 3870 quod,
658 3808 739 3871 quae
747 3786 1079 3871 tibipomacoluntur‚
1113 3798 1121 3805 “

857 3922 860 3927 .
982 3875 1080 3960 yffi.

1129 182 1134 307 l
