2280 4244
93 120 96 125 ’
188 130 890 247 uersuouuuoseonttnut.
985 172 1028 247 47
1109 197 1113 205 -

60 348 119 415 [lut
130 346 267 433 spurium
282 347 383 415 collo:
405 344 604 430 summosque
617 346 797 410 cacuminat
813 370 917 415 aures:
965 360 1024 436 ¹95

29 510 33 517 Ι
59 442 133 501 cum
156 437 353 519 pedibusque
366 429 501 513 menos,
524 456 596 496 cum
614 435 716 517 longis
735 436 866 501 brechia
879 458 981 505 mutet

57 522 226 589 cruribus:
247 538 279 585 et
299 522 380 583 velet
400 520 558 583 maculoso
576 524 692 583 vellere
708 543 831 605 corpus.

55 610 190 673 Additus
209 625 242 671 et
264 628 365 692 paror
378 606 431 671 est
476 608 566 690 Fugit
581 610 781 671 Autonoeius
801 610 914 677 beros:

32 706 35 711 '
54 698 89 761 Et
104 698 139 759 se
155 714 221 759 tem
236 697 376 757 celerem
390 692 481 756 cursu
494 696 628 757 mir-stur
642 698 679 756 in
694 695 772 778 ipso.
833 718 839 771 .'

54 788 93 847 Ut
116 802 199 847 vero
219 782 316 844 solitis
331 779 383 843 sue
398 802 520 844 cornua
537 782 616 845 vidit
632 783 669 842 in
684 782 789 860 undis,
959 807 1023 851 ocu

54 875 101 935 Pse
118 864 292 933 miserum!
311 867 452 931 dicturus
474 888 558 930 eret:
577 880 641 931 tor
658 871 747 930 nulle
763 871 865 933 secttte
881 871 916 937 cs
926 917 936 936 .

53 957 231 1042 ingemuit3
254 977 315 1017 vox
329 957 384 1015 ille
398 953 472 1033 fuit3
492 954 705 1039 lacrimaeque
720 978 778 1039 per
793 980 849 1019 ors

53 1048 130 1109 Non
156 1046 209 1105 sue
229 1042 401 1104 fluxerunt.
447 1046 538 1106 Mens
559 1059 686 1105 tanturn
702 1044 837 1125 pristine
854 1044 976 1112 mensu.

54 1130 137 1213 Quid
159 1128 277 1192 sectas?
299 1146 465 1211 repetatne
486 1128 638 1207 domum,
660 1144 692 1191 et
706 1133 822 1213 regulis
836 1137 938 1195 tecta?

54 1221 104 1283 bn
120 1222 216 1281 lutcet
231 1214 333 1278 silvis?
358 1215 455 1277 timor
470 1217 549 1291 hoc,
573 1217 679 1300 pudor
692 1217 827 1299 impedit
844 1221 933 1282 illud.
956 1228 1021 1296 205

55 1306 141 1369 Dum
162 1302 309 1381 'debitam
333 1302 442 1368 videre
463 1323 572 1369 cartes:
594 1304 776 1387 primosque
791 1308 979 1391 Melampus,

55 1395 304 1473 lcbnobatetqua
325 1388 418 1473 sagax
431 1392 545 1451 letretu
561 1392 646 1474 ligne
662 1389 792 1467 dedere,

56 1478 190 1545 Guolim
210 1478 416 1552 Ichnobates,
439 1479 596 1561 Spartane
616 1496 711 1560 gente
729 1482 916 1565 Melampus.

58 1568 135 1631 lude
155 1580 258 1627 ruunt
271 1566 325 1626 alii
340 1563 453 1647 repiqle
471 1566 605 1629 velocius
621 1568 707 1641 uur'a,

56 1655 257 1737 Pamphagus,
265 1670 294 1713 et
301 1650 455 1728 Dorceus,
467 1668 498 1715 et
506 1653 663 1725 Oribasos,
669 1650 812 1715 Arcades
819 1672 945 1717 omnes:
956 1675 1019 1729 cte

56 1739 352 1821 Nebrophonusque
361 1740 479 1815 velens,
494 1757 525 1802 et
539 1758 614 1802 trux
625 1732 701 1801 curn'
708 1742 840 1821 Laelape
850 1744 998 1822 Theron,

54 1826 89 1891 Et
111 1825 248 1911 pedibus
263 1827 415 1903 Pterelas,
437 1845 467 1887 et
483 1829 615 1889 neribus
629 1826 713 1890 utilis
729 1827 826 1909 Agre,

55 1916 255 1997 Hylaeusque
276 1911 346 1973 sero
368 1928 474 1995 nuper
488 1913 647 1994 percussus
664 1917 705 1974 ab
720 1935 812 1997 apro,

53 2000 167 2085 Deque
189 2001 265 2081 lupe
280 2017 435 2080 concepte
452 2002 557 2083 Nape,
581 2003 777 2082 pecudesque
790 2001 894 2063 secuta

53 2088 233 2161 Poemenis,
255 2103 285 2147 et
300 2088 385 2146 natis
400 2086 546 2149 comitata
563 2090 703 2169 Harpyis
719 2090 850 2163 duobus,
955 2093 1020 2161 215

53 2175 90 2239 Et
103 2172 268 2235 substricta
280 2192 396 2254 gerens
412 2174 579 2253 Sicyonius
593 2175 648 2233 ilie
664 2171 788 2235 Ladon:

54 2260 90 2325 Et
102 2262 263 2336 Dromas,
283 2278 314 2322 et
335 2262 478 2334 Canace,
502 2252 674 2342 Sticteque,
696 2279 727 2322 et
741 2258 864 2343 Tigris,
881 2258 1017 2335 ethice,

40 2348 91 2411 'Et
114 2346 219 2421 niveis
240 2350 384 2421 Leucon,
407 2364 438 2409 et
457 2348 536 2411 uillis
552 2348 687 2409 Asbolus
702 2349 787 2423 atris,

55 2434 310 2518 havelidosque
332 2437 456 2509 Lacon,
478 2454 509 2496 ct
531 2434 622 2496 cursu
637 2433 726 2496 sortis
742 2435 845 2514 Aello,

54 2521 90 2585 Et
104 2518 233 2597 Thous,
253 2535 285 2582 et
300 2522 421 2602 Cyprio
443 2522 537 2584 velox
557 2545 629 2585 cum
652 2522 754 2586 fratre
769 2525 907 2603 Lycisce:
952 2553 1018 2596 220

53 2608 94 2673 Et
111 2608 240 2691 nigram
254 2605 363 2668 medio
377 2606 522 2671 frontem
537 2609 704 2677 distinctus
721 2613 760 2673 ab
774 2613 846 2672 albo

54 2696 209 2777 Harpalos
229 2707 262 2753 et
276 2695 458 2773 Melaneus,
480 2695 661 2779 hirsutaque
675 2717 810 2780 corpore
827 2692 975 2769 Lachne:

52 2781 91 2845 Et
111 2796 205 2865 petre
221 2778 371 2856 Dictaeo,
394 2781 448 2847 scd
464 2803 567 2845 matre
584 2784 742 2846 Laconide
757 2787 837 2865 neti,

53 2871 185 2944 labron
206 2882 239 2928 et
259 2865 432 2951 Agriodus,
452 2886 483 2931 et
503 2887 611 2933 ecutae
627 2870 711 2934 vocis
727 2871 893 2951 Hylactor:

53 2951 326 3037 Quasquercserre
334 2974 424 3016 more
432 2956 482 3018 est.
492 2959 537 3019 Ee
546 2957 801 3041 turbecupidine
810 2960 947 3040 praedae
955 2970 1019 3040 225

53 3044 109 3105 Per
130 3060 244 3125 rupes,
272 3039 491 3124 scopulosque,
513 3044 662 3126 adituque
676 3048 820 3105 cetensis
836 3046 918 3126 sura,
1018 3102 1027 3116 ,

54 3130 121 3209 Qun
134 3128 186 3191 vie
198 3124 350 3204 difficilis,
373 3151 494 3211 quaque
506 3132 551 3192 est
566 3132 615 3193 vie
629 3132 735 3209 mulla,
757 3132 917 3198 seruntur.

52 3216 109 3277 lile
127 3214 226 3297 sugit,
248 3234 307 3297 per
321 3236 405 3297 quoe
430 3216 534 3277 suerat
549 3218 617 3277 loce
631 3218 721 3305 saepe
741 3217 868 3283 secutus.
899 3288 902 3293 ¹

25 3306 32 3365 '.
53 3303 121 3365 llila
136 3300 274 3364 famulos
287 3300 365 3384 sugit
378 3302 445 3384 ipse
459 3298 543 3365 suos!
565 3307 704 3367 clamare
718 3306 847 3384 libebat,

52 3392 194 3451 Actaeon
209 3388 358 3471 egosum:
380 3388 744 3474 dominumcognoscite
760 3391 909 3462 restrum.
952 3396 1016 3473 23⁰

52 3477 158 3538 Verba
180 3479 294 3538 enimc
317 3473 451 3539 desunt:
469 3478 597 3541 resonet
613 3483 775 3545 latratibus
788 3484 911 3552 aether.

52 3564 154 3625 Prima
168 3562 402 3626 Melanchaetes
425 3565 461 3624 in
479 3581 568 3646 tergo
582 3568 715 3632 vulnere
731 3567 825 3646 lecit3

52 3648 197 3712 Proxima
214 3649 444 3728 Theridemes3
467 3652 689 3735 Orelitropboa
709 3654 807 3719 hecfit
820 3656 857 3715 in
871 3676 973 3719 ermo.

52 3728 188 3799 'l'srdiut
206 3736 371 3813 exierant,
392 3737 445 3797 sed
462 3760 520 3819 per
535 3740 728 3822 compendia
742 3745 861 3803 montis

50 3820 233 3908 sonuum
247 3824 298 3889 aia
312 3823 366 3901 ess.
409 3823 595 3889 Dominum
611 3828 826 3892 retinentibus
840 3829 905 3903 illis
946 3834 1013 3902 235

902 3917 1019 3978 Cetera
1095 3965 1100 3973 ,
