2280 4244
25 236 31 251 „
121 152 166 237 48
219 109 227 203 ᾗ
279 96 963 223 „munerationem
1030 216 1034 223 ,
1088 216 1095 233 ,

30 382 42 405 ,ι
124 340 239 400 Cetera
251 338 343 399 turba
357 337 436 413 coit,
458 335 642 419 confertque
654 338 691 397 in
703 342 835 420 corpore
846 334 970 401 denter.

124 429 192 485 lam
206 429 274 485 loca
288 426 469 487 vulneribus
484 423 605 485 desunt.
650 424 761 486 Gemit
776 427 844 497 ille,
866 424 1051 507 scitumque,

123 511 184 586 Et,
202 510 225 571 si
239 530 308 589 non
325 510 481 587 hominia,
504 532 598 594 quern
612 532 681 572 non
694 531 805 573 tamen
826 507 920 572 edere
935 510 1049 594 possit
1094 570 1098 575 .

123 557 255 671 Celeus,
277 599 389 659 habet:
411 596 608 678 moestisque
609 598 735 681 replet
726 618 797 680 roga
809 615 885 658 nota
897 600 1088 700 querelis.¹

123 684 166 746 Et
178 686 308 769 genibus
321 685 452 773 supplex
464 686 590 768 pronis,
612 683 779 767 fimitisque
800 686 925 765 roganti
1028 687 1095 767 240
1126 724 1130 729 -

123 768 314 834 Circumfert
329 772 456 843 taeitos,
479 790 639 851 tamquam
652 770 705 833 sua
721 771 866 845 brachia,
890 773 999 833 vultus,

85 874 89 887 ’
123 857 168 920 At
181 859 312 918 comites
327 816 475 937 rapiduin
488 857 583 921 solitis
596 859 769 925 hortatibus
783 877 898 939 agmen

123 946 232 1029 Ignari
246 944 426 1027 instigant,
434 947 590 1026 oculisque
603 943 763 1007 Actaeona
780 959 971 1033 quaerunt3.

123 1032 166 1093 Et
179 1035 261 1093 uelut
274 1032 444 1092 absentem
450 1034 593 1092 certatim
610 1031 773 1095 Actaeona
787 1028 949 1103 clamant.¹

92 1194 95 1201 .
122 1116 177 1180 Ad
191 1138 314 1179 nomen
328 1120 480 1200 eaputtlle
495 1117 609 1181 refert
629 1136 663 1180 ut
677 1118 779 1181 abesse
795 1135 980 1200 queruntur,
1024 1118 1132 1197 215,

123 1206 193 1267 Nec
206 1226 318 1288 capere
331 1208 453 1266 oblatae
469 1205 596 1289 segnem
610 1206 781 1289 spectacula
797 1204 940 1287 praedae.

43 1330 53 1347 a
123 1296 225 1354 Vellet
233 1291 340 1357 abesse
355 1292 500 1374 quidem3
523 1291 574 1353 sed
588 1293 686 1355 adest:
708 1297 858 1373 velletque
875 1290 991 1366 videre,

122 1380 309 1440 Nonetiam
325 1380 456 1454 sentire,
485 1400 602 1439 canum
617 1378 810 1441 serasaotas
807 1401 937 1439 uorum.

122 1467 272 1548 Undique
288 1466 506 1527 circumstant.
529 1466 722 1549 mersisque'
714 1490 750 1528 1n
765 1474 895 1549 corpore
906 1462 1014 1525 rostris

121 1553 310 1615 Dilacerant
326 1551 389 1612 salsr
406 1553 573 1613 dominum
588 1553 664 1613 sub'
656 1554 793 1635 imagine
807 1553 902 1615 cervi.
1002 1543 1106 1613 250·

123 1638 207 1722 [Nec
221 1640 281 1700 nist
295 1639 384 1700 linita
406 1663 462 1719 per
476 1642 611 1720 plurima
624 1645 755 1702 vulnera
771 1642 837 1701 vitu

55 1722 61 1749 '⁴
119 1728 175 1790 Ira
190 1727 385 1811 pharetratae
400 1725 499 1786 fertur
515 1727 620 1787 satiata
634 1712 856 1806 Dianae]

145 1814 318 1883 Rumor
309 1836 353 1875 tn
360 1815 506 1893 ambiguo
522 1813 580 1874 est:
602 1814 668 1875 aliis
681 1811 847 1874 violentior
860 1832 959 1893 aequo

123 1902 196 1962 Visa
211 1899 282 1962 Dea
295 1900 355 1962 est.
378 1899 433 1961 alii
447 1899 594 1974 landant,
616 1900 805 2001 dignamque
821 1899 925 1959 seuera

121 1988 311 2071 Virginitate
328 2004 453 2048 vocant.
489 1987 582 2072 Pars
574 1990 697 2051 invenit
712 2007 841 2068 utraque
857 1986 968 2049 causae.
1020 1992 1090 2065 255

122 2077 192 2137 Sola
208 2076 286 2135 Iovis
299 2076 416 2135 coniux
430 2087 576 2134 nontam
595 2078 741 2159 culpetne
755 2072 910 2158 probetne

121 2162 303 2244 Eloquitur,
326 2185 418 2245 quam
436 2161 523 2221 clade
539 2152 650 2225 domus
665 2166 704 2237 ab
712 2160 865 2243 Agenore
881 2159 992 2223 ductae

122 2250 268 2312 Gaudet.
294 2268 324 2311 et
340 2271 359 2308 a
373 2251 402 2307 'l
405 2250 469 2328 yria
483 2250 646 2309 collectum
663 2250 813 2335 pellice
787 2247 933 2307 transfert

121 2339 163 2398 ln
178 2336 300 2418 generis
316 2334 410 2394 socios
427 2334 544 2395 odium.
589 2337 677 2397 Subit
694 2358 766 2399 ecce
781 2330 880 2418 priori

121 2423 217 2484 Causa
232 2442 360 2495 recens3
384 2420 743 2501 gravidamquecloletde
760 2420 788 2483 se
793 2440 880 2481 mine
872 2440 997 2501 magur
1020 2419 1090 2487 260

120 2510 192 2583 Esse
208 2509 296 2574 Iovis
304 2504 457 2568 Semelen
499 2510 583 2568 sum
599 2510 739 2591 linguam
755 2508 818 2573 ad
811 2508 918 2589 turgia
922 2508 1022 2575 solvit.

120 2596 222 2659 Effeci
235 2592 312 2677 quid
324 2595 412 2654 enim
426 2595 515 2655 toties
529 2615 596 2741 pers
599 2596 721 2678 iurgia?
747 2594 838 2657 dixit.
1101 2669 1105 2677 ‚
1126 2648 1132 2658 .

31 2741 33 2745 .
120 2685 189 2768 Ipsa
205 2681 343 2764 petenda
357 2681 439 2741 nnln
456 2680 513 2744 es
544 2706 577 2765 rp
582 2682 661 2757 am,
685 2680 862 2747 simaxuna
879 2679 961 2742 luno
1029 2734 1034 2749 ,
1091 2662 1132 2761 q

120 2772 317 2846 Ritevocor‚
341 2768 493 2851 perdam;
514 2767 603 2829 sime
620 2771 812 2852 gemmantia
831 2768 962 2843 dextra
1115 2762 1132 2869 1

120 2861 248 2941 Sceptra
263 2871 370 2918 tenere
387 2853 493 2927 decet·
511 2854 615 2917 srsum
631 2859 754 2938 regina,
778 2856 918 2936 Iovisque
1018 2863 1132 2942 255

98 2936 161 3009 'Et
175 2945 260 3007 seror
275 2962 306 3004 et
318 2964 444 3002 coniux
489 2943 580 3003 Certe
595 2944 689 3003 soror
732 2943 844 3005 At
789 2962 844 3026 pu
846 2966 882 3015 0,
897 2939 985 3007 furto
998 2947 1043 3013 est
1119 2954 1132 2965 ''

120 3037 294 3096 Contentat
313 3047 343 3090 et
357 3029 488 3089 thalami
504 3030 605 3092 brevis
620 3030 686 3089 est
678 3030 796 3091 1ninria
814 3027 923 3089 nostri.
1004 3072 1010 3087 .

119 3120 282 3201 Concipit3
304 3116 338 3177 id
352 3115 475 3178 deerat:
498 3116 721 3197 manifestaque
736 3119 873 3177 crimina
887 3118 986 3197 pleno
1001 3156 1004 3161 ·
1091 3148 1095 3155 ·

118 3209 189 3268 Fert
205 3222 307 3267 utero:
330 3221 359 3264 et
376 3222 494 3277 mater,
514 3202 595 3284 quotl
610 3205 663 3263 rix
678 3205 766 3287 milri
776 3203 906 3283 contigit
920 3205 987 3279 uni,
1130 3268 1132 3275 ,

117 3293 172 3354 De
186 3295 256 3352 love
272 3293 334 3349 vult
349 3289 428 3350 sieri.
474 3292 576 3350 Tanta
592 3289 762 3351 estsidueia
779 3291 907 3351 formae.
928 3336 947 3357 ,.
1014 3307 1085 3367 270
1122 3320 1132 3365 ..²

118 3381 214 3443 Fallat
226 3399 295 3439 eam
307 3373 404 3436 saxo:
425 3398 486 3437 neo
501 3376 556 3436 sim
575 3376 738 3452 Saturnia,
761 3378 781 3438 li
796 3399 865 3439 non
1128 3370 1132 3399 ³

117 3467 169 3531 Ab
185 3468 256 3525 love
271 3463 371 3523 mersa
384 3462 436 3521 suo
449 3464 565 3546 Stygias
578 3466 751 3544 penetrarit
764 3466 800 3525 in
814 3460 925 3529 undas.

160 3552 263 3632 Surgit
279 3556 317 3608 ab
331 3548 380 3608 his
395 3549 500 3628 solit03
522 3549 662 3632 fulvaque
677 3550 840 3612 recondita
853 3560 939 3613 nube
1073 3616 1088 3649 Χ
1116 3524 1132 3633 ,1

116 3638 228 3702 Limen
241 3636 308 3695 atlit
325 3635 465 3695 Semeles,
511 3638 579 3697 Nec
592 3642 689 3699 nubes
705 3655 778 3698 unte
791 3641 936 3714 removit,

115 3732 219 3808 Quam
229 3723 498 3784 simulavttanum
513 3723 993 3806 posuitqueadtemporaeanos:
1016 3721 1132 3811 275,

116 3812 307 3895 sulcavitque
325 3811 540 3891 cutemrugis:
560 3829 591 3875 et
604 3834 699 3876 curva
712 3814 911 3897 trementi
973 3836 976 3840 ·
1120 3804 1132 3931 1

293 3926 296 3931 ·
983 3902 1089 3969 Mem*
1125 3932 1129 3939 ·

1118 3084 1132 3133 'a'
