2280 4244
114 130 203 228 ‘iss
267 178 307 249 ·‚
375 150 867 266 tattutmtxntsouts
985 173 993 223 ι.

67 368 71 379 ·
131 336 649 425 Praebebatqueavitlmoniusta
662 332 833 407 elimenta
831 347 969 423 parenti
1016 356 1020 361 “
1057 380 1060 386 ·
1100 370 1104 379 ·

130 431 186 492 Vis
200 446 310 493 tamen
324 431 377 493 illa
392 426 645 532 mclipdlquam
658 432 867 495 consumserat
881 455 1016 496 omnam
1039 432 1126 517 875,

130 518 317 593 Materiam,
339 514 529 599 dederatque
540 519 628 599 pravi
640 537 726 580 nora
741 522 855 603 pabula
869 523 1035 600 morbo;
1096 536 1100 547 ·

132 604 202 688 lpse
219 603 287 667 suos
303 619 387 665 artus
399 606 502 665 lacero
516 604 663 667 divellere
676 607 783 668 morsu

132 691 260 775 Coepit,
287 706 320 752 et
333 686 447 751 infelix
466 689 643 753 minuendo
655 714 768 777 oorpus
782 695 894 759 elebat.

175 776 261 859 Quid
275 797 382 839 moror
393 778 557 840 externis?
582 776 679 839 etiam
695 780 777 841 milri
798 780 889 863 saepo
905 780 1099 847 novandi
1096 818 1100 825 ·

130 864 297 948 Corporis,
317 886 338 925 ο
354 860 499 941 iuvenes,
520 885 655 929 numero
670 866 760 927 sinito
774 869 919 951 potestas.
1036 875 1101 943 88⁰

129 954 218 1017 Nam
231 950 344 1026 modo,
366 950 451 1033 quod
463 951 651 1029 nuncsum,
671 952 796 1015 uideor:
829 954 928 1017 modo
942 956 1101 1021 flecteris

714 1058 869 1122 anguem:

128 1126 281 1205 Armenti
300 1124 399 1187 mollo
421 1124 533 1189 dux'
503 1145 585 1191 utres
604 1123 642 1188 in
662 1147 781 1189 cornua
800 1126 909 1191 sumot

129 1216 271 1288 Cornua,
300 1212 378 1275 dum
391 1214 502 1362 spotui3
530 1235 619 1276 nunc
639 1234 711 1297 pers
732 1232 818 1277 caret
837 1218 934 1278 altera
952 1217 1015 1278 telo
1125 1198 1133 1298 l

128 1302 273 1387 FrontiS,
298 1318 332 1363 ut
354 1300 420 1386 ipse
402 1298 536 1365 esides
580 1300 727 1363 Gemitus
747 1298 820 1365 sunt
842 1304 938 1366 verba
958 1302 1062 1367 secuti.
1115 1303 1133 1378 Ξ

1033 1380 1133 1557 ·-l

441 1645 511 1713 LI
533 1648 560 1713 B
582 1648 610 1713 E
633 1649 666 1715 R
707 1645 781 1716 IX.'
1115 1592 1133 1744 l

122 1750 234 1895 Qe
247 1805 396 1889 gemitus,
422 1821 613 1889 truncaeque
627 1804 700 1868 Deo
717 1805 898 1889 Neptunius
916 1804 1016 1875 heros

26 1934 31 1943 .
123 1897 222 1960 Causa
236 1912 323 1967 rogat
338 1892 467 1955 frontis:
493 1915 565 1954 cum
582 1892 657 1954 fic(
668 1897 711 1974 al)
709 1893 830 1955 domus
843 1916 949 1957 amnas

123 1984 246 2067 Coepit
266 1984 429 2043 inornatos
445 1972 611 2042 redimitus
625 1980 787 2043 arundine
800 1980 921 2043 crines·

122 2072 232 2141 Triste
242 2069 320 2153 petis
339 2089 467 2130 munus:
497 2069 564 2148 quis
579 2064 666 2129 enim
684 2066 733 2129 sua
752 2069 868 2155 proelia
883 2068 981 2130 victus
1081 2120 1085 2126 .
1119 2108 1123 2116 ι

123 2146 483 2219 commemorarevelit?
499 2151 632 2215 referam
643 2174 748 2215 tamen
757 2150 880 2216 ordine.
910 2156 979 2216 Nec
991 2156 1085 2231 tarn&¹

122 2247 232 2327 Turpe
247 2242 348 2304 suit
320 2245 424 2317 vmci,
450 2264 541 2324 quam
559 2241 755 2304 contendisse
770 2240 922 2304 decorum
935 2242 998 2309 est:

48 2365 51 2373 ·
122 2334 300 2412 Magnoque
315 2328 369 2389 dat
385 2330 477 2390 nobis
491 2346 595 2389 tantus
611 2329 713 2389 solatia
730 2330 839 2389 victor.

122 2419 264 2481 Nomine
278 2414 300 2475 st
316 2438 376 2495 qua
390 2415 443 2477 suo
456 2416 584 2477 tandem
602 2418 745 2498 pervenit
760 2414 798 2475 ad
816 2434 905 2477 aures

120 2504 280 2570 Deianira
302 2519 384 2562 tuas:
417 2501 578 2583 quondam
608 2503 820 2582 pulcherrirna
847 2502 944 2593 virgo,

120 2596 355 2671 Multorumque
377 2585 435 2647 suit
460 2586 523 2666 spes
538 2588 697 2649 invidiosa
720 2610 897 2689 prucorum.
1019 2602 1131 2655 ,¹10
1121 2634 1131 2676 ,

120 2684 201 2745 Cum
224 2678 335 2762 quibus
355 2691 389 2735 ut
412 2673 510 2735 soceri
534 2674 643 2736 doinus
667 2676 738 2735 est
730 2693 847 2735 intrata
873 2666 1006 2759 petiti;
1089 2686 1131 2761 j

119 2764 239 2850 Accipe
260 2788 312 2827 me
334 2782 507 2847 generum,
529 2761 613 2836 dixi,
636 2762 810 2823 Parthaoue
830 2780 915 2825 nate.
1126 2786 1131 2877 p

117 2854 215 2917 Dixit
235 2870 266 2915 et
287 2841 445 2923 Alcides,
471 2849 548 2910 Alii
561 2806 675 2911 cessere
698 2847 827 2910 duobus
906 2846 909 2851 ’

112 2944 175 3013 sile
199 2943 304 3001 lovem
327 2939 467 2999 socerum
491 2935 566 2995 dare
589 2935 636 3010 se,
665 2933 845 3016 famamque
866 2937 1023 3014 laborum,
1094 2980 1098 2989 .

117 3026 160 3092 Et
181 3028 322 3113 superata
348 3022 418 3085 suae
439 3021 594 3083 referebat
617 2980 694 3083 iltssa
715 3043 875 3083 novercae.
1046 3022 1100 3097 15,

117 3118 235 3178 Contra
255 3134 328 3215 ego:
353 3112 466 3192 (turpe
488 3108 593 3169 Deum
616 3111 738 3171 mortali
758 3109 870 3169 cedere
884 3106 980 3171 duxi:
1096 3170 1100 3177 ,

114 3202 269 3265 Nondum
284 3216 351 3275 erat
365 3198 417 3259 ille
432 3194 535 3259 Deus:
542 3202 557 3273 )
585 3200 703 3287 Regem
719 3220 770 3257 rte
785 3194 887 3258 cernis
899 3216 1066 3279 equarum,

116 3289 258 3352 Cursibus
277 3284 440 3369 obliquis
430 3302 517 3347 mter
537 3300 590 3347 tua
610 3306 645 3347 re
667 3307 708 3346 ua
728 3284 897 3345 fluentum·

115 3376 184 3439 Nec
205 3396 311 3457 gener
323 3372 461 3435 externis
482 3368 593 3452 hospes
615 3307 672 3433 risi
697 3360 801 3432 missus
824 3372 863 3430 ab
887 3366 998 3444 oris,

113 3462 175 3527 sed
196 3460 376 3547 popularis
381 3480 452 3534 ero,
490 3475 523 3519 et
545 3480 652 3521 rerum
676 3479 747 3541 pars
770 3478 833 3517 una
858 3474 996 3522 tuarum.
1039 3472 1102 3521 20

111 3551 253 3611 Tantum
275 3569 317 3611 ne
338 3562 467 3645 noceat,
497 3545 580 3625 quod
600 3569 652 3605 me
674 3566 736 3609 nec
754 3545 838 3628 regia
861 3546 946 3604 suno

109 3638 205 3712 Odit,
244 3650 275 3695 et
300 3634 404 3693 omnis
425 3630 509 3693 abest
532 3631 680 3695 iussurum
708 3652 809 3715 poena
836 3632 996 3693 laborum.

108 3726 194 3792 Nam
218 3719 301 3807 quod
323 3737 353 3781 te
375 3720 467 3778 iactas
491 3716 644 3781 Alcmena
667 3738 766 3782 matre
787 3737 947 3793 creatum·

109 3813 231 3899 iupiter
249 3825 303 3875 tut
320 3806 412 3881 salsus
432 3823 523 3889 pater
542 3806 604 3887 est,
639 3824 696 3871 aut
714 3806 1006 3961 enumerarem
1033 3810 1037 3817 '
1056 3887 1082 3951 k

1006 3906 1056 3959 w
