2280 4244
222 110 730 255 neraucneuoseon
755 114 913 223 staur.
996 164 1047 235 π
1094 232 1097 243 ,

71 338 227 401 Intumuit
241 340 339 415 luno,
356 338 520 423 ¹postquam
535 338 730 402 interlidere
745 343 848 421 pellex

46 434 50 439 '
67 425 176 487 suffit:
198 425 287 487 etad
305 448 419 489 canam
436 427 597 491 descendit
612 427 650 486 in
663 446 797 507 aequora
811 426 948 512 Tethyn,

66 515 293 595 oceanumque
306 512 433 589 senem3
465 510 789 595 quorum‘reverentia
805 521 905 579 morit
968 525 1031 597 510

64 600 164 683 Saepe
185 598 288 661 Deos:
310 598 580 685 causamqueviae
604 599 784 661 scitantibus
797 602 885 665 insit:

62 687 239 767 Quaeritis,
261 686 411 748 aethereis
427 710 523 773 qtrare
536 688 644 771 regina
659 686 806 749 Deorum

62 773 198 855 Sedibus
212 771 277 833 huc
290 772 409 835 adsim?
428 795 487 855 pro
504 797 556 835 me
571 791 656 838 tenet
671 777 767 837 altera
781 777 913 846 coelum.

58 860 220 935 Mentior,
239 859 404 921 obscurum
418 862 478 923 nili
492 882 559 921 nox
573 883 646 923 cum
665 858 774 921 fecerit
788 864 909 939 orbem,

57 948 177 1030 Nuper
185 946 361 1019 ,honoratas
374 946 513 1021 sutnmo,
535 971 606 1009 mea
628 950 773 1023 vulnera,
794 952 879 1011 coelo
964 954 1037 1031 518

56 1034 220 1101 Videritis·
230 1032 329 1094 stellas
343 1034 423 1109 illic,
446 1036 498 1097 ubi
514 1036 654 1094 Circulos
668 1056 761 1096 axem
1026 1078 1032 1111 z

57 1122 200 1183 Ultimus
214 1134 407 1195 extremum,
430 1121 589 1205 spatioque
604 1118 816 1197 brevissimus,
836 1120 948 1185 ambit.

57 1209 117 1270 Est
132 1228 225 1281 vero,
253 1228 308 1267 cur
323 1208 389 1288 quis
406 1209 563 1268 sunonem
577 1206 699 1269 laedere
713 1208 803 1279 nolit,

57 1293 287 1374 offensamque
302 1308 435 1368 tremnt3
457 1316 535 1377 quae
548 1293 663 1376 prosim
676 1293 737 1353 sola
752 1291 923 1354 nocendo?

57 1378 113 1443 En
120 1395 340 1461 egoquantum
351 1375 414 1461 egi!
429 1404 523 1465 quam
532 1380 612 1441 vasta
622 1376 940 1461 potentianostraest!
963 1382 1028 1444 520
1103 1428 1106 1435 -

57 1467 132 1529 Esse
149 1466 315 1531 hominem
330 1468 431 1529 vetui:
452 1466 533 1528 santa
546 1469 589 1528 est
603 1466 683 1527 Dea.
728 1466 778 1527 Sic
799 1486 854 1548 ego
867 1486 984 1551 poenas

59 1554 209 1617 Sentibus
224 1554 375 1637 impono:
394 1550 435 1615 sic
448 1554 492 1615 est
506 1575 576 1616 mea
590 1572 706 1637 magna
727 1552 868 1637 potestas.

58 1638 214 1701 Vindicet
225 1642 390 1723 antiquam
404 1638 535 1718 faciem,
556 1644 673 1723 vultusq
679 1663 714 1702 ue
727 1640 847 1701 ferinos

56 1725 234 1802 Detrahat,
255 1727 399 1809 Argolica
413 1728 496 1810 quod
511 1747 541 1791 et
558 1747 633 1791 ante
649 1726 827 1790 Phoronide
840 1723 929 1789 fecie

57 1816 128 1877 Cur
138 1832 210 1874 non
224 1832 255 1873 et
269 1815 355 1896 pulsa
370 1813 462 1875 ducat
478 1818 617 1890 lunone,
637 1826 770 1898 meoque
960 1812 1029 1896 525

56 1904 196 1965 Collocet
211 1900 249 1960 in
265 1899 419 1975 thalamo,
447 1901 648 1983 socerumque
658 1906 808 1983 Lycaona
821 1896 946 1961 sumat?

53 1986 169 2051 Atros
183 1985 313 2069 silaesae
328 2005 502 2050 contemtus
515 1990 614 2069 tangit
630 1991 791 2063 alumnae,

54 2072 192 2154 Gurgite
206 2077 347 2135 caeruleo
363 2074 481 2156 septem
503 2076 667 2157 prohibete
681 2075 832 2135 Triones:

55 2159 288 2242 Sideraque‘in
308 2163 410 2235 coelo,
431 2159 529 2243 stupri
544 2160 708 2234 mercede,
729 2174 855 2241 recepta
946 2238 950 2243 Ι

54 2246 179 2323 Pellite3
199 2268 242 2307 ne
262 2269 343 2330 puro
365 2247 502 2329 tingatur
523 2246 560 2309 in
576 2268 709 2328 aequore
722 2248 833 2331 pellex·
959 2242 1025 2319 53¹⁰

97 2330 151 2393 Dr
164 2333 259 2394 maris
275 2333 462 2395 adnuerant.
507 2336 613 2395 Habili
629 2332 773 2395 Saturnia
787 2352 882 2395 curru

57 2416 237 2501 Ingreditur
251 2420 405 2501 liquidum
420 2423 593 2505 pavonibus
609 2432 683 2480 adra
697 2421 809 2504 pictis:

56 2506 140 2567 Tam
154 2526 258 2591 nuper
272 2509 361 2590 pictis
378 2508 464 2570 caeso
477 2510 649 2592 pavonibus
663 2504 795 2590 Argo;·
975 2580 978 2587 Ι
1017 2564 1022 2589 ,

56 2594 163 2673 Quam
177 2610 211 2655 tu
223 2615 326 2676 nuper
340 2616 423 2671 eras,
446 2619 519 2658 cum
534 2594 688 2659 candidus
704 2612 777 2655 ante
789 2586 921 2664 fuisses,
989 2666 992 2673 Ι
1022 2644 1026 2651 .

55 2680 156 2741 corre
169 2683 297 2763 loquax,
322 2680 421 2742 subito
435 2684 595 2765 nigrantes
609 2681 709 2743 versus
724 2682 760 2742 in
775 2662 845 2739 alas.
956 2674 1026 2747 535

55 2766 144 2829 Nam
156 2764 216 2827 suit
230 2767 309 2829 haec
327 2766 488 2850 quondam
503 2770 604 2831 niveis
618 2784 764 2850 argentea
779 2763 897 2847 pennis
1000 2774 1026 2851 Τ

54 2850 147 2929 Ales,
166 2871 202 2915 ut
215 2872 359 2936 aeqtraret
373 2872 450 2917 totas
464 2856 527 2918 line
540 2859 609 2918 labe
624 2855 791 2927 columbas,

54 2939 125 3001 Nec
140 2938 301 3003 servaturis
314 2941 398 3024 vigili
415 2944 568 3026 Capitolia
580 2961 653 3003 voce

54 3024 187 3088 sederet
197 3027 372 3102 anseribus,
400 3051 461 3091 nec
475 3031 595 3091 amanti
611 3028 744 3091 flumina
758 3048 866 3107 cycno.
1012 3094 1017 3109 Ι

54 3112 175 3197 Lingua
188 3112 248 3174 suit
260 3112 398 3178 damnor
418 3118 525 3199 lingua
539 3115 674 3180 iaciente
690 3111 823 3195 loquaci,
956 3106 1024 3187 540

55 3199 113 3260 cui
128 3203 214 3261 color
228 3202 409 3277 albuserat,
431 3223 520 3265 nunc
540 3201 584 3262 est
598 3203 772 3263 contrarius
789 3200 870 3261 albo.
940 3232 943 3237 ·
988 3268 991 3273 Ι

57 3285 217 3347 Pulchrior
230 3288 267 3347 in
281 3304 362 3361 tota,
384 3311 479 3370 quam
493 3287 644 3350 Larissaea
659 3290 799 3359 Coronis,
987 3288 991 3296 '
1015 3294 1023 3305 ”

55 3366 134 3433 Non
146 3372 205 3435 suit
219 3375 403 3436 Haemonia.
448 3376 564 3437 Placuit
577 3375 653 3449 tibi,
675 3372 852 3453 Delphice,
873 3386 976 3449 certe,

54 3456 144 3521 Dum
166 3460 213 3521 vel
234 3459 403 3536 dastasuit,
426 3463 690 3524 velinobservata.
735 3458 796 3521 Sed
808 3461 870 3518 ales
1068 3532 1071 3537 Ι

55 3544 151 3609 Senstt
169 3546 358 3615 adulterium
374 3550 562 3613 Phoebeius:
581 3564 674 3630 utque
696 3550 848 3609 latentem
953 3542 1021 3624 545

54 3630 221 3717 Detegeret
236 3637 363 3718 culpam
376 3656 446 3698 non
459 3637 624 3697 exorabilis
640 3632 750 3710 index,
852 3698 858 3705 ,

37 3720 103 3783 ‚hd
118 3718 288 3782 dominum
302 3722 450 3785 tendebat
464 3724 539 3784 iter:
570 3745 663 3804 quem
678 3721 800 3804 garrula
814 3713 906 3777 motis

54 3807 257 3889 Consequitur
271 3810 403 3891 pennis,
428 3810 553 3875 scitetur
570 3824 603 3873 ut
618 3809 744 3886 omnia,
765 3802 888 3871 cornix·

90 3896 129 3962 Ρ.
154 3896 261 3959 Ovidii
278 3896 411 3981 Metam,
613 3896 665 3958 'C
778 3896 801 3905 ''
851 3892 857 3906 '
918 3878 1018 3947 Audi·
