2280 4244
204 122 896 241 nurauonruosaourtuu.
937 204 939 209 -
988 170 1039 259 aa

59 353 133 417 itm
144 352 289 438 Meropis
302 344 368 416 dici
383 356 529 436 cupiens,
547 354 591 417 ita
608 354 722 435 fertur,
741 374 776 420 ut
792 375 861 423 acta
919 380 933 389 ··
973 380 976 385 ·

59 441 230 525 Praecipiti
245 442 340 525 pinus
351 442 466 517 Borea,
488 442 540 503 cui
552 444 632 505 victa
645 444 764 507 remisit
968 448 1044 522 185,

57 530 167 592 Frena
179 527 250 593 su'us
262 518 385 605 rectum
406 542 504 611 quam·
517 526 581 589 Dis
595 531 732 615 votisque
748 529 884 614 reliquit.

24 630 27 641 ·
60 615 150 696 Quid
165 613 281 677 faciat?
301 614 436 678 muitum
449 615 527 676 coeli
540 615 606 697 pois
619 634 704 703 terga
717 618 882 694 relictum3
972 652 975 659 ·

12 750 16 763 .
58 706 150 765 Ante
166 703 270 763 oculos
286 700 422 784 plureit;
465 699 585 772 Animo
603 706 732 767 metitur
747 722 926 787 utrumque·
957 724 962 733 ’

10 832 13 873 3
55 788 106 853 'Et
117 786 235 863 modo,
252 786 388 871 quesibi
400 785 464 849 feto
479 789 662 874 contingere
677 812 746 852 non
760 791 825 867 eit,

10 878 14 979 ἰ
59 875 216 1025 helphis
229 872 369 935 occasus:
394 875 554 937 interdtun
570 877 698 959 respicit
711 890 804 939 ortus.
834 914 838 921 ·
964 898 1030 964 49·

10 982 14 1073 p
61 964 128 1043 Qui
153 982 213 1044 que
228 966 296 1045 aga't
311 960 452 1043 ignarus,
472 961 587 1047 stupet:
610 980 641 1024 et
657 972 718 1026 nec'
732 962 821 1026 frena
834 963 986 1051 remittit,

61 1051 134 1115 Nec
149 1049 288 1110 retinere
301 1048 397 1108 vaiet:
426 1068 487 1110 nec
498 1051 631 1111 nomina
644 1048 732 1111 novit
746 1071 907 1134 equorum.

10 1180 14 1212 ¹.
62 1135 176 1221 Sparsa
191 1155 313 1218 quoque
326 1134 363 1195 in
377 1133 462 1195 vario
474 1128 588 1219 'passiin
601 1138 752 1197 miracula
768 1139 865 1210 coele,

9 1222 14 1301 i
62 1222 291 1304 vastarumque
305 1219 390 1283 ridet
402 1223 542 1304 trepidus
557 1220 717 1285 simulacra
738 1221 886 1284 ferarum.

62 1308 120 1375 Est
137 1313 240 1385 locus,
260 1308 299 1387 in
313 1309 455 1388 geminos
469 1309 522 1369 ubi
538 1310 668 1371 brachia
682 1323 834 1372 concavat
847 1330 936 1374 arcus
970 1310 1031 1395 ¹95

66 1398 226 1479 Scorpios:
248 1414 278 1458 et
292 1393 390 1455 cauda
407 1395 553 1478 flexisque
567 1396 723 1480 utrimque
736 1397 860 1458 lac'ertis

64 1484 199 1566 Porrige
211 1480 248 1542 in
264 1480 397 1564 spatium
413 1481 568 1563 lignorum
585 1489 729 1545 membra
744 1483 888 1546 duorum.
915 1504 919 1513 “

66 1572 162 1633 Hunc
176 1591 255 1653 puer
269 1584 304 1628 ut
313 1569 403 1651 'nigri
419 1568 583 1632 madidum
599 1571 709 1633 sudore
723 1572 842 1635 veneni
880 1590 883 1595 '

10 1716 12 1722 ,
65 1650 208 1722 vutnera
222 1671 346 1716 curvata
359 1656 564 1719 minitantem
580 1656 707 1743 cuspide
720 1657 817 1733 vidie,

10 1730 15 1809 ,Ι
64 1744 184 1811 Mentis
197 1743 306 1825 inops,
333 1741 434 1824 gelida
449 1743 622 1807 formidine
635 1749 701 1807 lora
713 1744 840 1807 remisit.
965 1760 1038 1805 eoo.
1091 1808 1094 1813 ,

10 1824 13 1927 ἑ
64 1828 336 1922 Quae'postquam·
346 1829 503 1893 summum
519 1832 646 1917 tetigere
660 1833 794 1895 iacentia
808 1830 948 1913 tergum,
1046 1832 1049 1837 '

63 1918 290 2003 Exspatiautur
305 1917 392 1997 equi:
412 1922 560 2001 nulloque
577 1914 746 1981 inhibente
761 1941 819 2002 per
834 1936 925 1981 auras

63 2011 195 2089 Ignotae
207 2002 343 2085 regionis
356 2018 449 2077 eunt3
470 2026 594 2087 quaque
605 2007 739 2087 impetus
753 2007 824 2088 egit,

10 2086 12 2093 ¹
64 2094 136 2158 Hac
148 2090 212 2152 fine
225 2090 291 2171 iege
302 2107 417 2151 ruunt:
439 2093 561 2172 altoque
574 2091 630 2153 sub
644 2091 769 2152 aethere
783 2092 854 2154 fixis

64 2176 234 2245 incursant
248 2174 357 2247 stellis3
378 2175 566 2260 rapiuntque
580 2200 637 2261 per
651 2180 719 2239 avia
734 2200 872 2239 currum.
965 2182 1030 2252 205
1038 2248 1041 2253 ,

64 2264 110 2333 Et
126 2262 224 2327 modo
238 2262 357 2322 summa
372 2280 500 2348 petunt,
522 2263 617 2325 modo
631 2270 689 2348 per
702 2263 838 2342 decliva,
861 2267 986 2352 viasque

64 2350 255 2435 Praecipites
277 2348 375 2430 spatio
387 2368 488 2412 terrae
501 2353 647 2436 propiore
660 2350 814 2415 feruntur.

64 2436 265 2519 inferiusque
280 2434 340 2509 suis
352 2436 506 2501 fraternos
525 2460 649 2501 currere
663 2443 751 2501 Ltma

64 2516 257 2592 Admiratur
270 2544 378 2605 equos:
401 2525 600 2610 ambustaque
614 2528 723 2588 nubila
736 2524 872 2589 fumante

65 2612 247 2695 Corripitur
259 2609 410 2691 flammis,
431 2629 464 2675 ut
478 2634 615 2697 quaeque
627 2613 785 2688 altissima,
806 2618 913 2691 tellus3
965 2633 1030 2681 ate

65 2698 287 2780 Fiss'aqueagit
300 2697 414 2774 rimas,
440 2714 471 2761 et
485 2699 581 2761 succis
593 2717 659 2762 aret
675 2701 816 2763 ademtis.
835 2740 838 2745 -

66 2789 184 2853 Pabula
200 2782 384 2845 caneiount:
408 2804 481 2846 cum
495 2781 660 2849 frondibus
672 2789 777 2848 uritur
793 2789 903 2852 arbos:
941 2818 944 2823 ¹

66 2873 298 2952 Materiemque
313 2871 366 2933 suo
380 2875 507 2957 praebet
521 2874 603 2957 seges
616 2872 705 2934 arida
719 2872 846 2936 damno.
1093 2932 1097 2939 ,
1125 2954 1127 2959 ,

68 2962 166 3025 Parva
180 2978 300 3043 queror.
344 2960 475 3041 Magnae
489 2968 624 3043 pereunt
638 2982 710 3022 cum
724 2962 889 3022 moenibus
902 2963 1010 3030 urbest

70 3044 215 3130 Cumque
232 3044 289 3105 suis
303 3061 380 3106 totas
394 3049 516 3130 populis
529 3045 678 3108 incendia
692 3065 797 3130 gentes
969 3058 1032 3128 215

67 3134 269 3215 incinerant
284 3150 419 3193 vertunt.
463 3133 562 3194 Sitrae
581 3156 652 3194 eum
668 3135 829 3194 montibus
843 3133 967 3200 ardent.

69 3220 174 3286 Ardet
191 3216 307 3293 Athos,
328 3220 509 3301 Taurusque
528 3220 626 3299 (iiix,
647 3237 679 3281 et
701 3222 851 3297 Tmolus,
867 3238 898 3283 et
919 3224 1015 3308 Oete;

69 3309 113 3373 Et
128 3327 219 3369 nunc
231 3304 327 3380 licea,
346 3306 432 3390 prius
446 3300 649 3369 celeberrima
665 3306 819 3381 fontibus,
843 3307 918 3386 ide3

71 3397 132 3463 Vir
154 3397 302 3475 'neusque
317 3392 467 3469 Helicon,
497 3411 528 3455 et
540 3394 682 3457 nondum
694 3396 844 3477 Oeagrius
859 3398 1008 3462 Haemos.

101 3482 104 3487 ’
145 3498 177 3544 et
192 3474 233 3541 i'n'
243 3480 435 3541 immensum
449 3482 613 3562 geminatis
626 3481 749 3564 ignibus
763 3484 886 3558 Aetne,
972 3506 1036 3549 220

72 3566 283 3649 Pantai'usque
298 3567 365 3628 bice
388 3587 417 3642 s,
439 3585 470 3628 et
484 3568 587 3648 Fryx,
607 3584 638 3630 et
651 3570 804 3649 Cynthus,
826 3588 855 3632 et
869 3569 993 3650 Othrys,

73 3657 119 3743 Et
134 3646 267 3733 tandein
281 3591 437 3741 Rhodope
454 3655 743 3732 nivibuscaritura,
772 3657 958 3741 Minusque,

69 3730 321 3823 Dindymaque,
344 3758 375 3804 et
389 3742 520 3823 Mycale,
542 3758 694 3825 natusque
707 3742 746 3804 ad
763 3743 846 3804 iecra
857 3744 1037 3813 Cithaeron.

76 3830 150 3923 Nec
161 3822 295 3921 prosunt
307 3826 515 3913 Scythiae'iua
527 3827 659 3914 frigora:
680 3830 830 3895 Caucasus
841 3829 942 3908 ardet,
