2280 4244
51 82 56 95 ’
120 121 186 195 256
249 180 253 187 .
368 122 865 207 entim-tintsoms
966 106 991 201 s

403 534 831 611 L1BERx1v.
948 528 951 533 ’

122 682 272 837 Iamque
283 748 448 836 Giganteis
459 753 612 815 iniectam
624 750 769 817 faucibus
783 752 921 832 Aetnen,
933 776 938 781 ·
1066 812 1070 819 .

24 842 48 909 ’“,
123 838 275 923 Arvaque
287 844 479 923 Cyclopum,
506 840 585 923 quid
600 840 717 918 restra,
733 843 824 923 'quid
836 844 907 903 ulus
923 837 1025 905 aratri

44 924 50 939 ’
124 927 254 1004 Nescia,
281 946 345 989 nec
359 928 536 1011 quidquam
549 928 665 988 iunctis
681 927 830 991 debentia
843 932 956 1006 bubus,
988 940 992 947 '

122 1008 276 1097 'liquerat
288 1014 450 1077 Euboicus
463 1007 663 1075 tumidarum
677 1019 779 1076 cultor
793 1038 973 1096 aquarum:

125 1101 278 1182 liquerat
290 1116 322 1162 et
336 1105 495 1177 Zanclen,
523 1100 717 1182 adversaque
728 1103 857 1162 moenie
871 1103 986 1186 Rhegi,
1075 1105 1099 1175 5⁴

122 1185 401 1271 Navifregumque
415 1188 552 1264 fretum,
580 1189 707 1269 gemino
720 1187 806 1271 quod
817 1189 911 1250 litore
918 1189 1063 1273 :pressum

123 1269 285 1337 Ausoniae
300 1276 487 1359 Siculaeque
501 1291 587 1334 tenet
601 1274 864 1336 confiniaterrae.
1020 1328 1037 1335 ..
1134 1282 1136 1289 ⁴

70 1424 73 1430 ,
125 1360 225 1437 Inde,
249 1374 354 1423 manu
367 1383 485 1446 magna
495 1360 670 1442 Tyrrhena
683 1384 742 1444 per
756 1382 895 1444 aequora
911 1363 1026 1447 lapsus,
1038 1380 1052 1401 ·“

124 1447 312 1511 Herbiferos
325 1446 405 1509 adiit
414 1452 526 1523 eolles,
554 1464 649 1530 atque
665 1450 748 1508 atria
758 1448 903 1510 Glaucus
989 1478 992 1483 ·
1085 1500 1090 1507 .

121 1535 194 1597 Sole
206 1535 289 1597 setae
303 1536 424 1612 Circes,
450 1536 612 1597 variarum
628 1532 892 1618 plenafererum.
940 1560 945 1567 ·
1103 1610 1107 1615 Ι

123 1624 233 1702 Quam
247 1622 339 1683 fimul
354 1621 511 1706 adspexit3
539 1619 631 1681 dicte
641 1637 834 1703 acceptaque
848 1623 958 1703 salute,
1084 1622 1088 1627 ’
1104 1680 1109 1695 ,

123 1707 229 1786 Diva,
257 1709 325 1769 Dei
342 1710 509 1785 miserere,
538 1726 667 1790 precer:
695 1706 848 1769 namsoia
864 1711 975 1788 levare
1104 1724 1109 1740 ‘

126 1798 179 1857 Tu
195 1812 285 1880 potes
297 1795 404 1874 hunc,
431 1796 514 1857 dixit
535 1792 668 1877 (qideer
684 1793 781 1856 modo
793 1794 930 1876 dignus)
953 1819 1092 1862 amorem.
1129 1826 1136 1863 t

127 1886 260 1962 Quanta
271 1880 308 1943 Iit
322 1882 514 1957 herbarum,
543 1881 670 1956 Titani,
698 1883 841 1967 potentie
855 1884 948 1960 nulli,

125 1973 235 2049 Quam
248 1969 345 2047 mibi,
373 1971 543 2054 cognitius,
573 1968 712 2051 quisunt
729 1984 867 2030 mutatus
880 1972 921 2031 ab
934 1972 1007 2036 illis.
1056 1974 1092 2042 15
1126 1998 1136 2034 t

120 2058 212 2119 Neve
225 2058 291 2118 mei
299 2076 374 2119 non
389 2074 464 2119 nota
477 2056 537 2117 tibi
548 2054 583 2116 fit
596 2054 687 2116 causa
702 2053 836 2131 furoris3
1106 2052 1109 2061 '

119 2144 278 2206 Litorein
291 2145 414 2224 Italico,
442 2142 737 2207 Messania-moenia
754 2160 874 2219 contra,

121 2231 228 2313 Scylla
240 2231 325 2293 mihi
341 2232 404 2293 visa
417 2232 469 2295 eit.
514 2228 851 2313 Pudoreitpromissa,
880 2250 1059 2318 precesque,
1106 2238 1109 2243 ’

66 2368 72 2382 .
121 2318 362 2400 Blanditiasque
370 2340 477 2397 meas,
508 2312 730 2399 contemtaque
744 2319 841 2378 verba
854 2314 989 2381 referre.

60 2474 63 2478 ¹
118 2404 164 2468 At
177 2421 231 2482 tu,
263 2403 325 2465 five
341 2402 463 2487 aliquid
479 2405 571 2487 regni
583 2402 627 2464 est
639 2404 676 2464 in
687 2404 852 2478 earmine3
882 2426 1016 2471 carmen
1055 2422 1091 2468 na

120 2495 186 2567 Ore
201 2511 294 2553 move
310 2490 413 2553 sacro:
442 2492 504 2554 five
519 2490 736 2572 expugnacior
748 2491 848 2551 herba
862 2491 924 2569 est3

86 2592 89 2599 ’
119 2580 220 2641 Utere
235 2578 364 2641 tentatis
376 2580 523 2679 operosae
534 2576 663 2638 viribus
673 2578 802 2639 herbae.
846 2632 849 2639 .

118 2665 353 2751 Neemedeare
364 2665 463 2741 mthi,
474 2662 643 2747 ‘senesque'
651 2664 730 2725 haec
745 2667 882 2725 vulnera
893 2666 1026 2747 mando,

120 2754 266 2835 Fineque
280 2753 493 2837 nilnpnsest:
522 2749 812 2835 parternferatilla
825 2752 947 2814 ceiorin
1009 2762 1019 2781 ¹

120 2840 166 2903 At
179 2843 272 2903 Circe
294 2842 420 2921 (neque
434 2840 520 2902 enim
533 2838 668 2899 flammis
681 2838 777 2911 habet
790 2838 893 2920 aptius
906 2841 975 2903 ulle
1056 2838 1092 2911 25

119 2928 255 2989 Talibus
267 2928 452 3010 ingenium3
473 2926 526 2989 seu
539 2925 631 2985 causa
643 2925 687 2987 est
699 2924 793 2986 huius
806 2926 843 2984 in
857 2924 936 3007 ipsa,

118 3014 180 3078 Seu
194 3018 305 3079 Venus
318 3012 440 3077 indicio
454 3010 530 3073 facit
541 3012 603 3083 hoo
616 3008 736 3073 offensa
749 3014 907 3097 patemo)
948 3048 956 3081 ·.

119 3103 212 3164 Talia
226 3105 325 3164 verba
337 3099 454 3163 refert:
481 3100 595 3161 Melius
611 3094 776 3185 sequerere
788 3100 961 3177 veientem,

119 3186 358 3272 optantemque
368 3182 486 3251 'eadem
497 3186 655 3275 parilique
670 3186 823 3275 cupidine
836 3203 975 3269 captam.

117 3274 250 3360 Dignus
260 3297 344 3338 eras:
374 3277 458 3347 ultro
470 3264 895 3357 poteras'certe'querogarir
913 3274 924 3309 '·
988 3319 996 3335 .
1052 3273 1092 3343 3⁰

116 3363 174 3438 Et,
205 3360 331 3447 stipem
345 3361 488 3437 dederiS,
516 3362 598 3422 mihi
615 3360 736 3437 crede,
753 3361 915 3442 rogaberis
928 3363 1024 3423 ultro.

115 3450 191 3512 Neu
205 3449 348 3527 dubites,
376 3449 453 3511 abiit
476 3470 515 3508 ue
528 3464 600 3511 tuae
612 3444 730 3509 fiducia
743 3446 886 3522 formae3

113 3534 169 3599 En
183 3557 253 3618 ego,
279 3558 355 3598 cum
368 3536 443 3599 Dee
455 3472 531 3612 iim,
542 3542 545 3547 '
558 3528 743 3603 fii'tidi'eum
758 3518 822 3595 fili'a
836 3532 923 3608 Solis,

116 3623 269 3686 Carmine
281 3646 355 3685 cum
370 3640 514 3698 tantum,
543 3638 669 3683 tantum
684 3645 759 3685 enm
770 3620 915 3704 gramine
928 3614 1058 3701 poiiim3

115 3712 162 3772 Ut
174 3726 228 3771 tua
240 3708 313 3788 lim,
343 3732 450 3775 voveo.
495 3708 708 3792 spernentem
724 3709 870 3792 spernet·
886 3704 1036 3790 sequenti
1056 3698 1094 3773 35

112 3796 228 3901 liedde
242 3798 339 3924 qices:
369 3818 497 3882 unoque
511 3796 590 3897 dune
604 3796 754 3859 ulciscere
768 3793 862 3857 fecto.
1004 3878 1036 3942 Τ
1054 3876 1096 3939 ra

482 3945 484 3951 ,
1037 3900 1078 3940 at
