2280 4244
114 134 253 199 ωε.
359 109 883 199 novtonuasouts
947 130 950 135 ·
1106 196 1109 203 .

123 321 287 383 Subvolatt
302 318 523 402 atqueiterum
532 320 1027 407 corpussuperaequoramittit.
1030 338 1089 421 qqo

18 462 22 469 ,
122 408 235 485 Pluma
252 406 443 469 levatoasus.
488 409 585 469 Furit
591 408 742 483 Aesacos,
765 409 865 501 inque
879 392 1112 492 profundum·

124 481 246 557 Pronus
257 497 340 571 abit,
368 490 528 576 letique.
500 516 586 555 mam
597 494 664 556 stne
678 497 741 556 line
755 494 902 557 retentat.

70 612 86 641 .·
121 582 210 643 Fecit
221 604 312 643 amor
323 581 471 643 maciem.
498 584 592 665 longa
606 581 794 643 internodia
803 604 947 658 crurum,

123 670 230 752 Longa
244 684 352 731 manet
364 667 496 727 cervix:
514 684 610 753 caput
621 669 675 729 est
672 692 700 729 a
692 690 845 757 corpore
858 668 1001 751 louge.¹
1015 678 1018 683 '

85 816 89 824 ,
124 753 255 840 Aequor
267 769 361 831 amat,
374 775 556 838 nomenque
569 772 669 833 tenet,
692 747 767 839 quia
782 757 938 885 mergitur
952 755 1018 817 illo
1036 756 1091 839 795

221 1170 227 1179 ,
344 1187 349 1196 ,
431 1103 794 1177 utssaxu.
875 1108 882 1131 ¹

124 1207 191 1335 N
192 1230 453 1341 elciusadsumtis
468 1252 610 1338 Priamus
623 1291 715 1369 pater
728 1275 869 1340 Aesacon
881 1281 941 1342 elis
1041 1324 1044 1329 -
1064 1268 1079 1295 ²

125 1366 259 1440 Vivere,
285 1367 316 1425 lu
320 1369 425 1446 gtelsat
452 1368 579 1429 tumulo
599 1384 740 1448 quoque
736 1384 860 1425 nomen
873 1367 1008 1431 habenti
1127 1361 1134 1383 '

125 1449 262 1512 Inferias
276 1450 407 1512 dederat
418 1470 493 1511 cum
508 1450 658 1512 fratribus
670 1452 817 1513 Hector'
808 1472 930 1518 manes.
1068 1462 1072 1471 '

126 1535 245 1610 Defuit
261 1536 371 1597 officio
379 1536 500 1598 Paridis
514 1537 690 1621 praesentia
702 1538 793 1614 tristi,
844 1578 847 1583 ·

84 1622 92 1635 “
126 1614 357 1724 Postmodoqui
372 1642 464 1708 rapta
477 1629 606 1709 longum
620 1646 696 1685 cum
712 1626 848 1706 coniuge
859 1628 984 1689 bellum
1074 1620 1091 1693 5
1127 1622 1134 1679 Ῑ

125 1711 265 1772 Attulit
257 1731 293 1771 in
305 1712 459 1812 patriam3
488 1713 735 1807 coniurataeque
748 1711 926 1793 sequuntur
1126 1709 1134 1739 Ἰ

23 1816 25 1821 ·
127 1798 218 1858 Mille
234 1814 328 1874 rates,
356 1800 519 1889 gentisque
532 1793 623 1859 simul
636 1813 806 1859 eommurte
819 1803 999 1885 Pelasgae
1085 1786 1106 1869 ,¹

125 1884 195 1945 Nee
212 1883 309 1944 dilate
323 1874 662 1962 soretvindicta,11isi
676 1904 814 1967 aequora
825 1886 907 1951 saevi

126 1972 218 2034 Inna
230 1970 372 2032 sectilem
384 1988 488 2051 vent]
514 1976 694 2052 Boeotaque
704 1974 796 2033 tellus
842 2016 846 2021 -
968 1970 972 1975 ’

127 2056 249 2120 Aulide
264 2058 381 2142 piscosa
395 2076 521 2147 puppes
537 2057 703 2120 tenuisset
695 2073 805 2119 tturas.
860 2114 865 2119 .

126 2142 189 2206 llic
202 2148 306 2229 patrio
321 2146 360 2208 de
376 2171 465 2210 more
480 2148 546 2207 Iovi
562 2166 635 2207 oum
651 2144 739 2205 sacra
753 2142 934 2233 parassentt

67 2302 74 2311 Ι
127 2230 173 2291 Ut
186 2249 273 2294 vetus
286 2234 424 2296 accensis
432 2233 601 2296 incanduit
616 2233 741 2314 ignibus
752 2248 850 2308 ara,

127 2317 262 2400 Serpere
275 2305 456 2382 caeruleum
469 2321 581 2381 Danai
600 2318 720 2381 videre
723 2318 899 2379 draconem
962 2378 968 2393 ,
1081 2338 1086 2349 ·

63 2404 68 2413 “
127 2404 169 2463 In
181 2406 365 2487 platanum,
397 2424 515 2487 coeptis
528 2429 608 2488 quae
620 2404 721 2466 stabat
732 2420 887 2489 proxima
895 2400 999 2464 sacris
1050 2426 1075 2457 .·
1114 2464 1117 2471 ,

126 2488 230 2551 Nidus
246 2504 315 2551 er'ut
328 2493 496 2565 volucrum
510 2494 557 2554 bis
577 2508 714 2593 quatuor
727 2492 850 2552 arbore
859 2490 999 2550 summa:
1059 2484 1093 2557 ιδ
1121 2490 1126 2533 ¹

37 2656 40 2661 y
127 2578 214 2656 Quas
229 2574 336 2653 simul
363 2592 395 2639 et
408 2590 543 2638 matrem
558 2600 681 2639 clreum
694 2576 748 2637 sua
760 2576 1060 2653 damnaveram,
1124 2596 1129 2653 g

71 2742 74 2747 Ι
127 2623 446 2761 Corripuisserpens,
475 2664 631 2747 avidaque
643 2658 827 2725 recondidit
841 2666 923 2726 alvo.
964 2736 968 2743 Ι
1004 2658 1008 2665 ’

130 2751 331 2834 Obstupuere
344 2754 463 2813 omnes.
506 2750 575 2815 At
560 2774 632 2814 ven
622 2749 804 2835 providus
817 2771 920 2833 augur

128 2834 349 2914 Thestorides,
377 2838 566 2915 vincemus,
594 2839 654 2899 ait:
674 2835 834 2920 *gaudete
859 2835 997 2917 Pelasgi,
1087 2880 1090 2889 .
1132 2877 1134 2889 .

129 2924 228 2985 Troia
245 2923 365 3001 cadet3·
380 2924 434 2987 sed
448 2884 623 2987 eritntistri·
634 2940 730 2985 mora·
745 2923 982 3015 longelaitorit.
1025 2978 1028 2987 ,
1062 2936 1098 2981 w

126 3006 252 3093 Atq'ue
247 3026 367 3074 novem
381 3013 543 3075 volucres
534 3032 571 3073 ιη
579 3012 661 3075 belli
673 2992 789 3099 digerit
802 3030 912 3072 annos.

31 3107 35 3113 ’
129 3097 206 3174 llle,
230 3114 266 3158 ut
283 3107 368 3175 erat,
395 3100 513 3161 virides
525 3099 709 3181 amplexus
701 3121 748 3159 1n
753 3090 872 3163 emere·
880 3114 1055 3171 remos,

128 3184 180 3244 Fit
196 3185 291 3268 lapis,
319 3202 350 3247 et
362 3185 463 3248 servat
476 3186 648 3269 serpentis'
639 3186 779 3268 emugine
787 3183 912 3245 Qlaxum

172 3273 340 3333 Permanet
352 3270 464 3334 Aoniis
475 3274 599 3334 Nereus
614 3270 793 3334 violentus
771 3292 826 3331 m
833 3268 961 3341 undis,

127 3354 277 3439 Bellaque
289 3378 358 3420 non
371 3357 545 3421 transferet·
555 3375 589 3419 et
603 3358 695 3435 sunt,
710 3359 768 3442 qui·
775 3376 920 3441 ‘parcere
926 3356 1046 3422 Troiae
1066 3360 1106 3430 25

69 3433 75 3459 ⁸
128 3440 320 3524 Neptunum
335 3446 489 3523 .·,credant
517 3445 737 3548 quiamqenta
747 3443 866 3511 fecerat
882 3443 969 3504 urbi.

127 3524 174 3588 At
184 3549 252 3589 non
265 3531 492 3596 Thestorides·
520 3533 598 3593 Nee
601 3533 695 3594 enim
699 3531 870 3607 ,vescitre'‚¹
878 3545 1005 3593 tacetve
1081 3582 1086 3589 .
1119 3526 1123 3549 ¹

128 3612 329 3697 Sanguine
300 3620 443 3703 vtrgineo
456 3618 690 3704 placandam
660 3618 795 3702 vtrginis
806 3618 916 3679 itam·

130 3699 202 3763 Elle
215 3700 317 3765 Deae
359 3704 531 3807 Postquam
537 3706 688 3790 pietatem
701 3705 833 3791 publiea
845 3701 948 3777 eausa,

131 3789 265 3875 Rexque
281 3792 408 3877 patrem
419 3792 538 3899 uicit,
528 3788 725 3919 castumque
735 3791 852 3897 datura
863 3789 1120 3936 cruoreqqlmstqo.
