2280 4244
68 124 71 129 ·
182 100 920 181 neranoaenosnouu'r.x111.
966 104 1037 193 235
1111 104 1116 119 “

62 300 98 364 Si
110 320 184 363 mea
194 322 269 362 cum
283 300 391 363 vestris
401 298 568 362 valuissent
581 313 670 375 vote,
700 297 825 383 Pelasgi,

61 387 143 463 Non
155 386 241 471 soret,
254 388 417 471 ambiguus
430 389 511 449 tanti
522 384 704 449 certaminis
718 386 808 449 heres
816 408 832 447 ε,

63 477 182 559 Tuque
195 477 255 536 tuis
270 478 380 551 armis,
408 496 465 537 nos
479 494 509 537 te
523 490 722 559 poteremur,
748 466 886 537 Achille.
975 482 1036 555 ¹3⁰
1126 532 1134 551 ,

64 564 175 642 Quem
193 565 343 647 quoniam
358 584 425 623 non
441 584 540 645 aequa
555 561 636 621 mihi
648 561 799 642 vobisque
816 574 988 645 negarunt*
1009 550 1028 587 '⁷

63 650 161 725 Fata3
189 653 369 731 (manuque
383 648 474 712 simul
493 648 589 711 veluti
603 647 805 709 lacrimantia
819 648 906 709 tersit
1026 640 1030 647 ¹

63 737 239 815 Lumina;)
268 739 335 819 quis
352 758 468 820 magno
480 736 593 799 melius
606 732 750 795 succedat
764 735 893 812 Achilli,
1091 812 1094 817 Ι

48 820 51 825 ’
64 818 173 903 Quam
184 846 243 907 per
258 842 352 907 quein
366 844 496 907 magnus
509 824 633 885 Danais
648 820 786 883 successit
797 820 959 886 Achilles?
1026 824 1029 831 '

65 912 153 973 Huic
173 905 269 973 modo
289 934 331 973 ne
352 912 463 997 prosit,
485 909 587 995 quod,
613 924 650 969 ut
669 907 727 984 est,
755 908 850 971 hebes
872 908 933 974 esse
952 903 1041 975 vide·

665 1010 729 1065 tur.
958 993 1026 1071 '1¹5'

64 1080 157 1144 Neve
172 1084 252 1165 mihi
266 1100 394 1159 noceat,
425 1081 510 1165 quod
521 1083 609 1144 robis
620 1080 761 1165 semper,
786 1081 950 1160 Achivi,····
975 1102 990 1113 ··
1013 1005 1040 1090 ⁵

65 1169 188 1232 Profuit
201 1170 382 1254 ingenium:
410 1192 544 1253 meaque
557 1170 600 1231 est
612 1166 781 1243 secundia,
809 1168 979 1251 siquaest,
1007 1240 1012 1259 ι

63 1256 158 1336 Quae
168 1277 257 1318 nunc
268 1280 328 1347 pro
341 1257 488 1332 domino,
515 1280 576 1341 pro
586 1257 676 1333 robis
690 1255 781 1338 saepe
795 1255 982 1333 locutaestf'
1025 1280 1028 1285 ·

66 1342 196 1405 Invidia
207 1350 326 1405 careat:
341 1366 345 1373 ·
358 1347 442 1404 loona
459 1365 522 1404 nec
534 1343 586 1404 sua
603 1344 732 1425 quisque
749 1342 892 1405 recuset.·
969 1364 974 1375 ·
999 1366 1013 1377 ··
1024 1362 1045 1375 ¹·

65 1428 152 1493 Nam
167 1452 277 1515 genitr,
298 1446 330 1492 et
343 1451 491 1515 proavoS,
519 1448 550 1491 et
561 1436 640 1514 quate
655 1450 725 1490 non
740 1427 1040 1512 lecimusipsij'ff'do

10 1542 13 1547 ·
67 1518 131 1579 Vix
144 1541 181 1580 ea
197 1519 400 1595 nostreroco.
442 1516 503 1579 Sed
517 1519 619 1594 enim,
648 1517 723 1599 qnia
740 1518 849 1579 retulit
866 1516 951 1579 Aiax
998 1524 1034 1533 ““

67 1602 139 1667 Esse
153 1606 235 1666 lovis
246 1626 417 1689 pronepos,
449 1606 547 1666 nostri
562 1622 687 1687 quoque
703 1604 862 1688 sanguinis
875 1612 987 1665 auctor

67 1692 192 1777 Iupiter
205 1692 263 1769 est,
282 1685 485 1774 ¹totidemque
499 1691 613 1776 gradus
623 1690 776 1751 distamus
791 1695 831 1752 ab
844 1692 909 1752 illo.
942 1716 963 1767 J
994 1694 1011 1767 J
1101 1750 1104 1755 ,

66 1778 153 1839 Nam
167 1780 248 1839 mihi
264 1782 387 1842 Laertes
399 1796 489 1863 pater
501 1781 559 1855 est,
584 1777 729 1840 Arcesius
740 1778 820 1855 illi,>¹
876 1796 879 1802 ·
1007 1790 1010 1795 '

67 1867 203 1949 Iupiter.
218 1866 308 1928 huic:
340 1876 453 1951 'neque
480 1868 516 1929 in
543 1866 592 1926 his
620 1865 788 1947 quisquam
814 1860 985 1933 damnatus
1005 1874 1043 1947 pt
1135 1927 1138 1931 ,

10 1943 13 2023 ζ
308 1966 313 1973 ’
614 1951 713 2012 ¹exsul.
838 1943 841 1949 '
913 1960 922 2025 ¹.
969 1950 1044 2026 '145

10 2029 24 2109 ¹„
67 2033 480 2119 Estquoquepermatrem
498 2034 779 2119 Cylleniusaddita
793 2033 885 2096 nobis

67 2120 180 2184 Altera
195 2123 356 2205 nobilitas:
383 2118 474 2184 Deus
486 2124 530 2184 est
540 2126 580 2184 in'
591 2140 726 2204 utroque
743 2126 925 2206 perente.''¹
966 2132 973 2197 ζ
996 2131 1009 2139 ““
1039 2190 1042 2195 Ι

68 2206 132 2271 Sed
148 2229 251 2290 neque
265 2228 410 2272 materno
423 2210 509 2293 quod
522 2211 589 2270 sum
604 2207 782 2292 generosior
795 2223 879 2283 ortn‚··
908 2218 911 2225 '
993 2214 1020 2287 'J¹

67 2296 139 2357 Nec
150 2297 231 2357 mihi
245 2296 328 2379 quod
342 2314 434 2381 pater
447 2297 491 2358 est
509 2296 645 2358 fraterni
657 2294 816 2377 sanguinis
829 2294 958 2373 'frisones
988 2306 992 2315 '
1015 2306 1018 2311 '

68 2382 227 2467 Proposita
241 2404 329 2465 apma
367 2400 434 2445 eto:
461 2385 584 2459 meritis
596 2381 930 2473 erf'penditecauseini'
948 2383 1044 2455 “sse

67 2469 257 2531 Dummodo
272 2494 314 2553 qu
374 2468 488 2532 iratres
500 2474 658 2532 Telamon
673 2472 839 2551 Peleusque
851 2468 995 2546 suerunt,
1005 2476 1020 2547 j·

66 2554 174 2618 Aiacis
184 2557 415 2625 meritumnon
429 2557 482 2619 sit:
512 2564 580 2619 n'ec·
591 2557 751 2640 sanguinis
761 2555 852 2637 ordo,
909 2562 912 2569 '
939 2562 943 2569 '
980 2556 1026 2595 ³'·

68 2642 131 2705 Sed
142 2645 267 2706 virtutis
279 2646 378 2706 honos
390 2645 493 2728 spoliis
505 2648 679 2729 quaeralur'
688 2632 730 2705 in
744 2643 819 2705 istis,
902 2712 905 2717 .
1019 2644 1042 2651 ''

67 2728 544 2815 Atsiproximitasprimusque
558 2731 736 2814 'requiritur
750 2728 852 2801 heres,
923 2734 927 2743 ’
1041 2738 1045 2745 ’

68 2817 124 2879 Est
136 2819 259 2901 genitor
272 2822 392 2895 Peleus,
420 2816 780 2900 est'Pyrrlm'sliliusilli.
938 2824 951 2831 ''
980 2814 1047 2887 155

70 2904 149 2983 Quis
164 2908 252 2965 locus'
260 2904 374 2965 Aiaci?
402 2906 548 2967 Phthiam
566 2906 727 2985 Scyronve
744 2900 901 2965 seranum
960 2910 963 2915 '
989 2907 992 2914 '

68 2992 139 3053 Nec
152 2993 259 3052 minus
272 2992 315 3053 est
327 2990 385 3052 isto
395 2990 520 3053 Teucer
528 2991 685 3073 patruelis
700 2987 830 3049 Achilli.

50 3124 52 3128 -
70 3078 162 3140 Num
174 3079 256 3162 petit
265 3080 318 3139 ille
329 3078 457 3138 tamen?
479 3100 559 3138 num
577 3077 707 3160 sperat‚·
724 3091 762 3135 ut
774 3071 898 3135 auferat
910 3069 1034 3131 armes.

69 3164 156 3251 Ergo
172 3188 306 3250 operum
317 3167 476 3245 quoniam
487 3163 615 3227 nudum
630 3168 792 3225 certamen
804 3160 960 3232 hebetum
973 3166 976 3173 '
1009 3168 1012 3173 '

70 3254 167 3315 Plura
183 3252 311 3335 quidem
322 3250 401 3326 leci,
420 3272 515 3333 quam
533 3273 613 3333 quae
630 3247 862 3331 comprendere
876 3242 968 3306 dictis
989 3242 1050 3305 160
1080 3271 1085 3283 =

71 3343 115 3402 In
127 3356 257 3425 promtu
273 3338 354 3399 mihi
367 3336 417 3401 sit:
447 3359 558 3399 rerum
575 3354 685 3398 tamen
701 3335 816 3397 ordine
830 3330 946 3393 ducar.-

68 3426 214 3489 Praescia
227 3425 355 3488 venturi
366 3424 505 3508 genitrix
520 3424 642 3487 Nereia
652 3422 710 3487 leti

70 3512 257 3577 Dissimulet
267 3516 355 3574 cultu
369 3529 492 3574 nutum.
534 3511 719 3595 Deceperat
731 3526 853 3581 omneS,

71 3604 115 3665 In
128 3603 241 3685 quibus
253 3600 401 3675 Aiacem,
429 3599 549 3661 sumtae
567 3596 691 3660 fallacia
704 3594 804 3667 vestis.

72 3687 177 3751 Arme
191 3710 246 3772 ego
262 3685 424 3763 femineis,
456 3686 603 3747 animum
619 3700 749 3745 motura
763 3679 900 3761 viritem,
995 3680 1058 3747 165

24 3796 28 3803 ·
75 3770 376 3842 Mercibusinserui.
419 3774 534 3857 Neque
546 3772 653 3839 adhuc
670 3765 954 3857 proieceratheret
989 3848 1028 3910 V·

1020 3872 1061 3909 st·
