2280 4244
15 144 47 249 j
110 122 805 255 fnssanonrnosnontin.
828 164 906 225 nt·
978 169 1022 248 4⁵
1050 138 1052 143 ’
1085 232 1088 237 ,

55 347 201 412 Territus
212 347 302 413 hoste
315 369 401 413 noro
408 346 545 413 Cadmus
559 368 674 433 sapere
683 370 774 413 arma
787 354 939 434 perabat:
961 354 1024 431 its
1131 374 1133 381 ’

55 436 219 520 ise-cape,
242 435 439 520 da'populo,
459 459 555 520 quem
573 454 662 499 terra
675 455 856 517 creaverat,
876 461 959 504 unus

53 522 238 603 Exclamat,
259 544 324 585 neo
338 539 370 586 te
381 523 524 585 civilibus
538 523 646 585 insere
658 524 761 602 bellis,

53 606 158 693 Atque
177 612 222 671 ita
243 610 410 693 terrigenis
432 610 538 693 rigido
561 609 601 672 de
622 609 776 676 fratribus
791 632 896 677 unum
929 614 933 625 '

53 697 208 761 Cominus
219 696 295 759 ense
308 696 399 759 ferit:
421 696 524 779 iaculo
537 696 623 758 eadit
637 696 852 782 eminus'ipse.
878 772 882 783 Ι

54 784 115 845 iiio
138 804 278 868 quoque,
300 784 355 863 qui
368 785 433 845 leto
447 782 597 862 dederat,
619 805 691 865 non
706 786 830 867 longius
843 786 902 848 illo
962 774 1024 853 '120

53 870 158 947 Vivit,
188 886 220 933 et
233 868 391 954 exspirat,
412 872 510 933 modo
526 892 601 953 quas
614 890 794 955 aooeperat,
819 893 923 939 aures.
1011 880 1013 885 '

54 954 276 1041 Exemploque
290 958 360 1040 pari
374 956 455 1019 furit
468 959 574 1019 omnis
588 956 700 1023 turbu:
721 959 837 1042 suoque
968 999 973 1019 t
1019 968 1023 975 '

55 1048 161 1109 Marte
183 1043 304 1105 cadunt
317 1038 410 1106 subiti
425 1065 484 1127 per
500 1062 609 1117 mutua
621 1044 896 1108 ruinara'fratres.

56 1136 188 1212 lamque
208 1130 311 1195 brevis
331 1130 467 1214 spatium
482 1130 566 1193 vitae
581 1131 690 1193 sortita
704 1136 853 1200 iuventus

58 1219 273 1301 Sanguineam
291 1216 419 1300 trepido
434 1219 631 1300 plangebant
644 1234 773 1300 pectore
786 1236 936 1294 matrem,
961 1225 1025 1291 125
1117 1278 1120 1285 .
1135 1240 1138 1249 ⁴

59 1303 453 1387 Quinquesuperstitibus:
478 1326 613 1387 quorum
628 1302 688 1367 fuit
702 1326 783 1385 unus
799 1304 938 1370 Echion.
979 1312 985 1337 ⁸

59 1392 155 1455 lssua
167 1393 242 1453 ieuit
253 1390 372 1468 humi,
386 1393 511 1454 monitu
527 1389 722 1467 Tritonidis,
737 1392 852 1467 'arma;
895 1416 898 1421 ·

60 1480 296 1561 internaeque
315 1477 411 1539 fidem
428 1479 512 1560 pauit
529 1478 698 1561 petiitque,
721 1477 882 1560 deditque,

36 1634 39 1641 ¹
61 1567 122 1627 iios
141 1565 248 1649 operis
270 1563 399 1626 comites
414 1565 525 1628 habuit
540 1563 689 1629 Sidonius
704 1565 833 1648 hospes:

62 1654 141 1741 sum
154 1651 258 1737 ppsuit
269 1652 381 1715 iussam
397 1653 548 1718 Phoebeis
560 1651 693 1715 sortibus
707 1656 833 1716 urbem.
966 1662 1028 1728 130

1105 767 1116 801 i

99 1827 178 1899 iam,
192 1822 317 1887 stabant
334 1823 483 1887 Thebae:
504 1841 631 1909 poteras
645 1825 728 1901 iarn,
752 1822 888 1904 Cadme,
908 1825 1028 1905 videri,

62 1910 180 1975 Exfitto
194 1909 291 1975 felin
312 1910 412 1973 soceri
425 1911 484 1973 tibi
497 1915 643 1995 Marsque
655 1916 833 1995 Venusque,

30 2022 35 2039 ·
62 2000 280 2082 Contigerant.
298 2033 312 2073 ¹,
326 2001 397 2060 Huc
417 1997 500 2061 adde
512 2019 611 2082 genus
625 1999 666 2059 da
679 2001 812 2082 coniuge
827 2013 930 2075 tanta,

61 2086 125 2147 Tot
140 2101 252 2161 natos,
274 2104 442 2167 natasque,
463 2100 511 2161 at,
535 2087 672 2169 pignora
686 2106 779 2161 cara,
798 2102 942 2165 nepotes.

62 2172 128 2239 iios
141 2193 265 2255 quoque
272 2172 482 2273 iaruiutenes.
505 2169 569 2233 Sed
583 2172 817 2233 scilicetultima
826 2171 953 2255 semper
967 2171 1030 2244 135

61 2257 284 2343 Exspectanda
304 2258 371 2321 dies
384 2258 527 2319 homini:
548 2258 674 2341 dicique
691 2260 798 2318 beatus

60 2334 149 2409 ante
164 2347 288 2408 obitum
306 2366 405 2408 nemo
424 2345 632 2429 supremaque
646 2343 762 2429 sunere
776 2343 881 2428 debat.

103 2518 214 2581 Prima
226 2537 326 2602 nepos
343 2518 430 2583 inter
444 2536 491 2582 tot
505 2540 556 2581 res
570 2520 647 2596 tibi,
670 2517 805 2593 Cadme,
828 2515 985 2582 secundas
1096 2576 1103 2583 ,.

64 2604 161 2669 Causa
180 2606 240 2669 fuit
259 2608 377 2682 luotuS,
397 2608 563 2689 alienaque
580 2628 703 2669 cornua
717 2605 822 2666 sronti
1039 2612 1040 2617 ’

64 2690 202 2771 Addita,
225 2714 338 2775 vosque
359 2714 455 2757 canes
476 2694 602 2755 satiatae
616 2693 768 2777 sanguine
780 2691 886 2753 herili.
969 2693 1033 2769 140
1102 2694 1105 2705 '

65 2777 107 2841 At
121 2780 205 2843 bene
219 2778 242 2839 si
256 2800 404 2861 quaeras;
424 2782 585 2845 Fortunae
600 2783 727 2843 o‘iman
738 2782 779 2855 in
792 2779 860 2849 illo,

66 2864 143 2929 Nun
157 2868 254 2929 scelus
268 2867 424 2929 invenies.
448 2867 542 2946 Quod
557 2866 646 2929 enim
659 2867 756 2928 scelus
771 2863 1034 2927 errorhabebati

67 2953 161 3015 Mons
182 2971 268 3029 erat,
295 2951 432 3016 infectus
453 2956 613 3019 variarum
635 2953 732 3015 caede
747 2949 910 3013 serarumt

68 3040 197 3121 lamque
215 3040 282 3101 dies
303 3062 413 3101 rerum
429 3040 550 3103 medias
564 3056 768 3102 contraxerat
782 3039 930 3113 umbram

69 3123 112 3187 Et
127 3127 179 3189 Sol
203 3147 244 3187 ex
264 3147 363 3209 aequo
378 3146 461 3189 mata
477 3127 776 3207 distabamusque,
972 3123 1035 3204 145

69 3212 149 3275 Cum
159 3213 287 3277 iuuenis
299 3212 426 3296 placido
443 3236 501 3296 par
517 3214 608 3275 davia
624 3214 721 3277 lustra
737 3222 885 3291 vagantes
984 3260 987 3265 .

69 3299 237 3382 Perticipes
259 3292 393 3381 operum
409 3301 580 3385 compellat
594 3298 751 3381 Hyantius
765 3315 839 3359 ore:

70 3384 148 3465 Lina
167 3386 317 3464 madent,
340 3389 486 3464 comites,
509 3384 694 3468 sertumque
708 3404 822 3445 cruore
837 3380 992 3459 fetarum,

71 3470 307 3554 Fortunamque
320 3470 387 3535 dias
401 3472 512 3536 habuit
526 3473 609 3535 satis.
651 3471 762 3534 Altera
777 3472 883 3533 lucem
950 3514 953 3521 ,

22 3576 25 3581 '
69 3562 146 3623 Cum
170 3561 290 3623 croceis
304 3577 410 3623 evecta
425 3560 503 3621 rotis
516 3561 642 3623 Aurora
656 3558 796 3633 reducet,
972 3558 1033 3627 150

69 3645 263 3729 Propofitum
276 3664 455 3727 repetamus
469 3667 556 3730 opus.
587 3646 685 3709 Nunc
700 3645 842 3706 Phoebus
856 3661 991 3726 utraque

70 3728 176 3795 Distat
183 3733 284 3821 ‚idem
304 3751 406 3811 terra3
428 3733 581 3817 finditque
597 3734 765 3815 vaporibus
779 3751 863 3790 arta.

71 3819 172 3884 Sistite
192 3841 270 3905 opus
282 3819 450 3905 praeseus,
472 3818 654 3906 nodosaque
672 3819 770 3882 tollite
785 3816 864 3885 lint·
952 3896 1043 3963 Mt.
