2280 4244
108 148 175 223 242
242 190 245 195 .
356 88 856 203 northmanmam

117 296 334 391 comunimt'.
377 300 639 387 Traeanco'mi
652 308 921 386 institutioni
1039 284 1098 405 '410

17 486 21 491 δ
116 414 196 479 Non
209 410 408 496 profecturas
423 409 574 473 tendebat
590 409 632 470 ad
649 411 777 471 aethera
792 413 925 493 palmas.

116 498 326 565 Dardanidas
339 514 456 560 matres
474 498 655 581 patriorum
671 496 757 580 signa
773 497 935 575 Deorum,

26 610 36 623 ·
116 589 211 651 Dum
227 587 317 663 lioet,
331 586 520 667 «amplexas,
546 582 756 665 succensaque
769 588 888 667 templa
901 596 1047 653 tenentes

86 670 92 681 ¹
118 669 571 738 Invidiosatrahuntrictores
587 671 732 755 praemia
746 664 867 732 Graii'
967 724 974 747 ,
1116 698 1128 769 y

118 762 260 825 Mittitur
270 757 437 839 Astyanax
449 759 512 820 illis
526 754 567 818 de
581 757 739 833 turribus,
769 756 859 818 unde
986 810 994 828 ,
1041 754 1096 833 416

117 852 317 934 Pugnantem
332 868 392 927 pro
413 844 460 921 se,
486 846 695 929 proavitaque
709 864 808 926 regna
822 858 977 918 tuentem,
1025 904 1033 911 ,

119 936 217 1020 Saepe
233 931 342 996 videre
357 948 502 1014 patrem,
530 931 742 994 monstratum
755 952 774 991 a
786 947 905 1006 matre,
935 928 1060 991 solebat

120 1026 255 1104 Iamque
270 1019 357 1081 riam
372 1017 483 1080 suadet
498 1021 631 1094 Boreas3
660 1018 798 1099 flatuque
811 1014 952 1079 secundo

30 1104 34 1112 ’
120 1107 257 1171 Carbasa
269 1122 358 1167 mota
373 1105 502 1168 sonant:
528 1104 678 1169 iubetuti
689 1105 800 1166 navita
813 1104 947 1167 ventio·
982 1100 997 1156 .’
1021 1148 1025 1153 .

100 1196 235 1275 Troia,
280 1195 366 1257 vale:
416 1192 584 1278 rapimur,
626 1193 783 1269 clamant,
825 1190 970 1274 dantque
1004 1188 1097 1255 oscula

625 1292 731 1340 terrae
869 1320 872 1325 -
972 1278 975 1285 '
1037 1284 1096 1360 qao

121 1362 284 1439 Troades,
312 1379 344 1426 et
357 1363 482 1448 patriae
494 1361 655 1425 fumantia
666 1381 749 1428 tecta
760 1363 963 1463 relinquunt,
1050 1412 1053 1416 -

120 1453 247 1517 Ultima
262 1450 447 1512 conscendit
460 1450 588 1512 classem
609 1451 810 1530 (miserabile
822 1453 912 1531 visu)

120 1545 164 1617 In
177 1538 292 1601 mediis
310 1540 441 1625 Hecube
455 1555 609 1599 natorum
622 1538 758 1600 inventa'
769 1538 940 1622 sepulcria'

122 1626 332 1691 Prensantem
347 1626 502 1701 tumulos,
530 1642 624 1708 atque
638 1624 751 1687 offibus
762 1625 868 1687 oscula
881 1626 1025 1712 dantem,
1117 1641 1138 1701 t]

122 1713 299 1795 Dulichiae
313 1727 441 1773 traxere
453 1724 577 1774 ntanus.
622 1713 749 1774 Tamen
763 1715 860 1775 unius
875 1714 990 1798 hausit,-
1041 1716 1096 1800 425
1118 1716 1138 1743 ¹*

124 1804 230 1884 Inque
243 1798 314 1859 sinu
329 1799 453 1861 cineres
466 1797 573 1860 secum
585 1798 660 1859 tulit
674 1799 819 1861 Hectoris
832 1801 968 1870 haustos.
1067 1801 1083 1817 ²
1101 1848 1104 1857 .
1111 1736 1123 2019 ε

72 1888 78 1901 ’
123 1886 272 1952 Hectoris
283 1885 322 1945 in
336 1888 461 1948 tumulo
474 1906 592 1946 eanum
606 1883 646 1946 de
661 1887 780 1948 vertice
792 1888 929 1968 crinem,

124 1974 263 2039 Inferias
274 1972 400 2059 inopes,
427 1973 571 2049 crinem,
598 1972 809 2057 lacrimasque
821 1976 990 2061 relinquit.

56 2112 59 2119 .
133 2084 138 2093 ·
167 2061 238 2138 Est,
267 2059 326 2119 ubi
342 2061 442 2122 Troia
458 2058 535 2136 suit,
562 2059 716 2143 Phrygiae
729 2063 894 2125 contraria
906 2068 1011 2146 tellus,

122 2147 271 2213 Bistoniis
283 2147 425 2209 habitata
438 2148 523 2209 viris.
568 2148 788 2229 Polymestoris
804 2146 873 2212 illie
1039 2154 1092 2233 430
1125 2165 1138 2224 t

91 2244 94 2249 '
123 2238 226 2320 Regia
236 2234 323 2297 dives
336 2250 420 2313 erat,
434 2234 501 2295 voni
513 2250 543 2295 te
558 2234 714 2295 commistt
725 2233 881 2323 alendum
1136 2253 1138 2259 ·

126 2326 227 2399 Clam,
241 2320 406 2402 Polydore,
419 2333 521 2404 pater,
535 2321 741 2405 Phrygiisque
754 2324 892 2385 removit
906 2326 948 2385 ah
960 2324 1061 2387 mit.
1121 2336 1138 2396 R

126 2409 301 2471 Consilium
315 2407 456 2491 sapiens,
483 2408 607 2469 sceleris
619 2409 678 2470 nisi
691 2410 836 2493 praemia
847 2430 980 2495 magun
1088 2440 1091 2445 ·

124 2488 298 2560 Adiecisset
310 2514 400 2573 opes,
427 2494 529 2554 animi
542 2494 713 2557 irritamen
727 2497 825 2559 avari.
898 2568 901 2575 ¹
1109 2500 1138 2571 ΕΙ]

127 2584 174 2647 Ut
187 2580 304 2644 cecidit
317 2582 458 2641 Fortuna
472 2580 650 2663 Phrygum,
679 2583 764 2665 capit
778 2583 896 2667 impius
908 2577 1018 2647 ensem
1042 2576 1094 2660 435
1108 2570 1138 2663 ils

125 2672 200 2734 Rex
211 2670 394 2743 Thracum,
421 2667 592 2750 iuguloque
604 2667 651 2727 sui
664 2666 768 2753 deligit
783 2669 923 2731 alumni:
1109 2668 1113 2681 ¹

126 2757 187 2834 Et,
217 2774 372 2838 tanquam
384 2755 454 2815 tolli
475 2776 549 2814 cum
562 2776 696 2838 corpore
709 2757 849 2818 crimina
864 2757 1000 2841 pollent,

127 2844 325 2907 Exanimem
339 2862 357 2903 e
370 2840 497 2924 scopulo
510 2841 662 2903 subiectas
674 2842 757 2903 misrt
771 2844 808 2904 i'n
822 2843 936 2908 undas.

129 2933 236 2994 Litore
247 2929 400 2991 Thre'tcio
414 2928 539 2989 classem
553 2930 701 3012 religarat
713 2929 852 3007 Atrides,
1032 2918 1043 2931 ⁶

128 3017 224 3080 Dum
240 3039 328 3078 mare
343 3033 510 3101 pacatum,
541 3014 620 3076 dum
633 3032 746 3079 ventus
757 3016 991 3080 amiciorelset.
1042 3010 1093 3097 sse
1109 3018 1138 3091 fc-

129 3106 193 3167 Hic
207 3104 328 3175 subito,
359 3120 509 3184 quantus,
538 3124 614 3163 cum
627 3104 765 3180 viveret,
795 3104 857 3167 esse
870 3103 999 3184 solebat,
1109 3090 1138 3185 [Τ

34 3206 37 3211 ’
128 3190 208 3259 Erit
217 3192 318 3252 humo
330 3191 392 3251 late
405 3207 517 3273 rupta,
537 3188 707 3274 similisque
719 3189 851 3268 minaci,
1046 3222 1052 3229 ·
1108 3198 1136 3265 {p

130 3278 300 3362 Temporis
311 3277 397 3339 illius
411 3281 536 3339 vultum
549 3274 709 3341 referebat
720 3276 870 3355 Achilles,
891 3312 895 3319 ·
1110 3290 1138 3351 ,Ἰ

130 3366 205 3444 Quo
222 3363 309 3426 serus
324 3364 440 3427 iniusto
452 3362 548 3448 petiit·
559 3357 802 3447 Agamemnona
814 3363 912 3429 ferro.
1020 3404 1023 3409 -
1082 3438 1085 3443 ¹
1112 3360 1138 3437 Ἐ

130 3452 400 3534 immemoresque
414 3452 479 3513 mei
492 3449 664 3529 disceditis,
691 3452 812 3534 inquit,
841 3451 984 3517 Achivi?
1042 3446 1098 3535 445,
1112 3376 1138 3525 il

131 3538 319 3622 Obrutaque
331 3537 376 3601 est
390 3550 519 3611 mecum
535 3537 659 3600 virtutis
669 3540 771 3622 gratia
783 3540 932 3602 nostrae?
1116 3512 1138 3625 ll

128 3622 181 3687 Ne
193 3621 302 3689 saoitet
330 3641 429 3707 utque
441 3644 552 3689 meum
568 3642 638 3687 non
651 3624 689 3686 sit
699 3624 765 3687 litte
783 3626 905 3691 honoro
919 3628 1096 3715 repntorm
1107 3630 1138 3697 “l

129 3712 234 3775 Placet
248 3711 406 3774 Achilleos
419 3726 558 3775 mactata
573 3713 735 3795 Polyxena
747 3722 871 3795 manea:

102 3820 106 3825 ·
127 3796 240 3865 Dixit:
267 3815 316 3879 et,
343 3798 461 3863 immiti
476 3799 566 3883 [oens
577 3800 920 3887 parentibusumhrae,

1122 2249 1138 2309 7

992 3886 1097 3970 'napo
